
@techreport{BaquedanoA.:ESIEE:2017,
  type = {Project {{Report}}},
  title = {Automatic {{Drone Navigation Based}} on {{Computer Vision Applied}} to {{Drone Landing}}},
  institution = {{ESIEE Paris}},
  author = {{Baquedano, A.}},
  month = jun,
  year = {2017}
}

@misc{InternestWeb,
  title = {Internest},
  howpublished = {http://internest.fr/fr/}
}

@article{Desolneux.Moisan.ea:IJCV:2000,
  title = {Meaningful {{Alignments}}},
  volume = {40},
  issn = {0920-5691, 1573-1405},
  language = {en},
  number = {1},
  journal = {International Journal of Computer Vision},
  author = {Desolneux, Agn{\`e}s and Moisan, Lionel and Morel, Jean-Michel},
  month = oct,
  year = {2000},
  pages = {7-23}
}

@inproceedings{Jeulin:ISMM:2015,
  series = {Lecture {{Notes}} in {{Computer Science}}},
  title = {Probabilistic {{Hierarchical Morphological Segmentation}} of {{Textures}}},
  isbn = {978-3-319-18719-8 978-3-319-18720-4},
  language = {en},
  booktitle = {Mathematical {{Morphology}} and {{Its Applications}} to {{Signal}} and {{Image Processing}}},
  publisher = {{Springer, Cham}},
  author = {Jeulin, Dominique},
  month = may,
  year = {2015},
  pages = {313-324}
}

@inproceedings{Dokladal:ISMM:2017,
  series = {Lecture {{Notes}} in {{Computer Science}}},
  title = {Statistical {{Threshold Selection}} for {{Path Openings}} to {{Detect Cracks}}},
  isbn = {978-3-319-57239-0 978-3-319-57240-6},
  language = {en},
  booktitle = {Mathematical {{Morphology}} and {{Its Applications}} to {{Signal}} and {{Image Processing}}},
  publisher = {{Springer, Cham}},
  author = {Dokl{\'a}dal, Petr},
  month = may,
  year = {2017},
  pages = {369-380}
}

@incollection{Mosler:Springer:2013,
  title = {Depth {{Statistics}}},
  isbn = {978-3-642-35493-9 978-3-642-35494-6},
  language = {en},
  booktitle = {Robustness and {{Complex Data Structures}}},
  publisher = {{Springer, Berlin, Heidelberg}},
  author = {Mosler, Karl},
  year = {2013},
  pages = {17-34}
}

@misc{ParrotWeb,
  title = {{Site Officiel Parrot\textregistered}},
  language = {fr},
  journal = {Site Officiel Parrot\textregistered{}},
  howpublished = {https://www.parrot.com/fr/}
}

@article{Beucher.Meyer:OI:1993,
  title = {The Morphological Approach to Segmentation: The Watershed Transformation. {{Mathematical}} Morphology in Image Processing.},
  volume = {34},
  journal = {Optical Engineering},
  author = {Beucher, S. and Meyer, F.},
  year = {1993},
  pages = {433-481}
}

@article{Barbot.Landy.ea:JV:2012,
  title = {Differential Effects of Exogenous and Endogenous Attention on Second-Order Texture Contrast Sensitivity},
  volume = {12},
  issn = {1534-7362},
  language = {en},
  number = {8},
  journal = {Journal of Vision},
  author = {Barbot, Antoine and Landy, Michael S. and Carrasco, Marisa},
  month = aug,
  year = {2012},
  pages = {6-6}
}

@inproceedings{Moulon.Monasse.ea:ACCV:2012,
  series = {Lecture {{Notes}} in {{Computer Science}}},
  title = {Adaptive {{Structure}} from {{Motion}} with a {{Contrario Model Estimation}}},
  isbn = {978-3-642-37446-3 978-3-642-37447-0},
  language = {en},
  booktitle = {Computer {{Vision}} \textendash{} {{ACCV}} 2012},
  publisher = {{Springer, Berlin, Heidelberg}},
  author = {Moulon, Pierre and Monasse, Pascal and Marlet, Renaud},
  month = nov,
  year = {2012},
  pages = {257-270}
}

@misc{GazeboWeb,
  title = {Gazebo},
  howpublished = {http://gazebosim.org/}
}

@misc{ROSWeb,
  title = {{{ROS}}.Org | {{Powering}} the World's Robots},
  howpublished = {http://www.ros.org/}
}

@misc{ASTechWeb,
  title = {{ASTech Paris Region - Accueil}},
  language = {fr},
  howpublished = {https://www.pole-astech.org}
}

@article{Eberli.Scaramuzza.ea:IROS:2011,
  title = {Vision {{Based Position Control}} for {{MAVs Using One Single Circular Landmark}}},
  volume = {61},
  issn = {0921-0296, 1573-0409},
  language = {en},
  number = {1-4},
  journal = {Journal of Intelligent \& Robotic Systems},
  author = {Eberli, Daniel and Scaramuzza, Davide and Weiss, Stephan and Siegwart, Roland},
  month = jan,
  year = {2011},
  pages = {495-512}
}

@inproceedings{Laiacker.Kondak.ea:IROS:2013,
  title = {Vision Aided Automatic Landing System for Fixed Wing {{UAV}}},
  booktitle = {{{IEEE}}/{{RSJ International Conference}} on {{Intelligent Robots}} and {{Systems}}},
  author = {Laiacker, M. and Kondak, K. and Schwarzbach, M. and Muskardin, T.},
  month = nov,
  year = {2013},
  pages = {2971-2976}
}

@inproceedings{Miller.Shah.ea:ICRA:2008,
  title = {Landing a {{UAV}} on a Runway Using Image Registration},
  booktitle = {{{IEEE International Conference}} on {{Robotics}} and {{Automation}}},
  author = {Miller, A. and Shah, M. and Harper, D.},
  month = may,
  year = {2008},
  pages = {182-187}
}

@article{Marianandam.Ghose:IFAC:2014,
  series = {3rd {{International Conference}} on {{Advances}} in {{Control}} and {{Optimization}} of {{Dynamical Systems}} (2014)},
  title = {Vision {{Based Alignment}} to {{Runway}} during {{Approach}} for {{Landing}} of {{Fixed}} Wing {{UAVs}}},
  volume = {47},
  issn = {1474-6670},
  number = {1},
  journal = {IFAC Proceedings Volumes},
  author = {Marianandam, Peter Arun and Ghose, D},
  month = jan,
  year = {2014},
  pages = {470-476}
}

@article{Huh.Shim:IROS:2010,
  title = {A {{Vision}}-{{Based Automatic Landing Method}} for {{Fixed}}-{{Wing UAVs}}},
  volume = {57},
  issn = {0921-0296, 1573-0409},
  language = {en},
  number = {1-4},
  journal = {Journal of Intelligent and Robotic Systems},
  author = {Huh, Sungsik and Shim, David Hyunchul},
  month = jan,
  year = {2010},
  pages = {217}
}

@inproceedings{Li.Ye.ea:IROS:2016,
  title = {Multi-Target Detection and Tracking from a Single Camera in {{Unmanned Aerial Vehicles}} ({{UAVs}})},
  booktitle = {{{IEEE}}/{{RSJ International Conference}} on {{Intelligent Robots}} and {{Systems}} ({{IROS}})},
  author = {Li, J. and Ye, D. H. and Chung, T. and Kolsch, M. and Wachs, J. and Bouman, C.},
  month = oct,
  year = {2016},
  pages = {4992-4997}
}

@inproceedings{Thrun.Bu:AI:1996,
  address = {{Portland, Oregon}},
  series = {{{AAAI}}'96},
  title = {Integrating {{Grid}}-Based and {{Topological Maps}} for {{Mobile Robot Navigation}}},
  isbn = {978-0-262-51091-2},
  booktitle = {Proceedings of the {{Thirteenth National Conference}} on {{Artificial Intelligence}} - {{Volume}} 2},
  publisher = {{AAAI Press}},
  author = {Thrun, Sebastian and B{\"u}, Arno},
  year = {1996},
  pages = {944--950}
}

@inproceedings{Seitz.Curless.ea:CVPR:2006,
  title = {A {{Comparison}} and {{Evaluation}} of {{Multi}}-{{View Stereo Reconstruction Algorithms}}},
  volume = {1},
  booktitle = {Computer {{Society Conference}} on {{Computer Vision}} and {{Pattern Recognition}} ({{CVPR}}'06)},
  author = {Seitz, S. M. and Curless, B. and Diebel, J. and Scharstein, D. and Szeliski, R.},
  month = jun,
  year = {2006},
  pages = {519-528}
}

@article{Padhy.Xia.ea:TSC:2018,
  title = {Monocular {{Vision Aided Autonomous UAV Navigation}} in {{Indoor Corridor Environments}}},
  journal = {IEEE Transactions on Sustainable Computing},
  author = {Padhy, R. P. and Xia, F. and Choudhury, S. K. and Sa, P. K. and Bakshi, S.},
  year = {2018},
  pages = {1-1}
}

@incollection{Huang.Bachrach.ea:RobR:2017,
  series = {Springer {{Tracts}} in {{Advanced Robotics}}},
  title = {Visual {{Odometry}} and {{Mapping}} for {{Autonomous Flight Using}} an {{RGB}}-{{D Camera}}},
  isbn = {978-3-319-29362-2 978-3-319-29363-9},
  language = {en},
  booktitle = {Robotics {{Research}}},
  publisher = {{Springer, Cham}},
  author = {Huang, Albert S. and Bachrach, Abraham and Henry, Peter and Krainin, Michael and Maturana, Daniel and Fox, Dieter and Roy, Nicholas},
  year = {2017},
  pages = {235-252}
}

@inproceedings{Johnson.Montgomery.ea:ICRA:2005,
  title = {Vision {{Guided Landing}} of an {{Autonomous Helicopter}} in {{Hazardous Terrain}}},
  booktitle = {Proceedings of the 2005 {{IEEE International Conference}} on {{Robotics}} and {{Automation}}},
  author = {Johnson, A. and Montgomery, J. and Matthies, L.},
  month = apr,
  year = {2005},
  pages = {3966-3971}
}

@inproceedings{Hrabar.Sukhatme:IROS:2004,
  title = {A Comparison of Two Camera Configurations for Optic-Flow Based Navigation of a {{UAV}} through Urban Canyons},
  volume = {3},
  booktitle = {International {{Conference}} on {{Intelligent Robots}} and {{Systems}} ({{IROS}})},
  author = {Hrabar, S. and Sukhatme, G. S.},
  month = sep,
  year = {2004},
  pages = {2673-2680 vol.3}
}

@article{Ridler.Calvard:TSMC:1978,
  title = {Picture {{Thresholding Using}} an {{Iterative Selection Method}}},
  volume = {8},
  number = {8},
  journal = {Systems, Man and Cybernetics, IEEE Transactions on},
  author = {Ridler, T.W. and Calvard, S.},
  year = {1978},
  pages = {630-632}
}

@article{Carrio.Sampedro.ea:JS:2017,
  title = {A {{Review}} of {{Deep Learning Methods}} and {{Applications}} for {{Unmanned Aerial Vehicles}}},
  volume = {2017},
  journal = {Journal of Sensors},
  author = {Carrio, Adrian and Sampedro, Carlos and {Rodriguez-Ramos}, Alejandro and Cervera, Pascual Campoy},
  year = {2017},
  pages = {3296874:1-3296874:13}
}

@inproceedings{Al-Kaff.Meng.ea:IVS:2016,
  title = {Monocular Vision-Based Obstacle Detection/Avoidance for Unmanned Aerial Vehicles},
  booktitle = {{{IEEE Intelligent Vehicles Symposium}} ({{IV}})},
  author = {{Al-Kaff}, A. and Meng, Qinggang and Mart{\'i}n, D. and de la Escalera, A. and Armingol, J. M.},
  month = jun,
  year = {2016},
  pages = {92-97}
}

@inproceedings{Huang:PMIS:2007,
  address = {{Washington, D.C.}},
  series = {{{PerMIS}} '07},
  title = {Autonomy {{Levels}} for {{Unmanned Systems}} ({{ALFUS}}) {{Framework}}: {{Safety}} and {{Application Issues}}},
  isbn = {978-1-59593-854-1},
  booktitle = {Proceedings of the 2007 {{Workshop}} on {{Performance Metrics}} for {{Intelligent Systems}}},
  publisher = {{ACM}},
  author = {Huang, Hui-Min},
  year = {2007},
  pages = {48-53}
}

@article{Wu.Arkhipov.ea:TC:2017,
  title = {{{ADDSEN}}: {{Adaptive Data Processing}} and {{Dissemination}} for {{Drone Swarms}} in {{Urban Sensing}}},
  volume = {66},
  issn = {0018-9340},
  shorttitle = {{{ADDSEN}}},
  number = {2},
  journal = {IEEE Transactions on Computers},
  author = {Wu, D. and Arkhipov, D. I. and Kim, M. and Talcott, C. L. and Regan, A. C. and McCann, J. A. and Venkatasubramanian, N.},
  month = feb,
  year = {2017},
  pages = {183-198}
}

@article{Sauvola.Pietikainen:ICPR:2000,
  title = {Adaptive Document Image Binarization},
  volume = {33},
  issn = {0031-3203},
  number = {2},
  journal = {Pattern Recognition},
  author = {Sauvola, J. and Pietik{\"a}inen, M.},
  month = feb,
  year = {2000},
  pages = {225-236}
}

@book{Niblack:ImageProcc:1986,
  title = {An {{Introduction}} to {{Digital Image Processing}}},
  isbn = {978-0-13-480674-7},
  language = {en},
  publisher = {{Prentice-Hall}},
  author = {Niblack, Wayne},
  year = {1986}
}

@article{Yen.Chang.ea:TIP:1995,
  title = {A New Criterion for Automatic Multilevel Thresholding},
  volume = {4},
  issn = {1057-7149},
  number = {3},
  journal = {IEEE Transactions on Image Processing},
  author = {Yen, Jui-Cheng and Chang, Fu-Juay and Chang, Shyang},
  month = mar,
  year = {1995},
  pages = {370-378}
}

@article{Li.Lee:ICPR:1993,
  title = {Minimum Cross Entropy Thresholding},
  volume = {26},
  issn = {0031-3203},
  number = {4},
  journal = {Pattern Recognition},
  author = {Li, C. H. and Lee, C. K.},
  month = apr,
  year = {1993},
  pages = {617-625}
}

@article{Bradley.Roth:ACM:2007,
  title = {G.: {{Adaptive}} Thresholding Using the Integral Image},
  shorttitle = {G.},
  journal = {ACM J. Graph. Tools},
  author = {Bradley, Derek and Roth, Gerhard},
  year = {2007},
  pages = {13--21}
}

@inproceedings{Kaaniche.Champion.ea:ICRA:2005,
  title = {A {{Vision Algorithm}} for {{Dynamic Detection}} of {{Moving Vehicles}} with a {{UAV}}},
  booktitle = {Proceedings of the 2005 {{IEEE International Conference}} on {{Robotics}} and {{Automation}}},
  author = {Kaaniche, K. and Champion, B. and Pegard, C. and Vasseur, P.},
  month = apr,
  year = {2005},
  pages = {1878-1883}
}

@inproceedings{Granlund.Nordberg.ea:ITCE:2000,
  title = {Witas: {{An}} Intelligent Autonomous Aircraft Using Active Vision},
  booktitle = {In {{Proceedings}} of the {{UAV}} 2000 {{International Technical Conference}} and {{Exhibition}}},
  author = {Granlund, G{\"o}sta and Nordberg, Klas and Wiklund, Johan and Doherty, Patrick and Skarman, Erik and S, Erik},
  year = {2000}
}

@inproceedings{Saif.Prabuwono.ea:IROS:2013,
  series = {Communications in {{Computer}} and {{Information Science}}},
  title = {Real {{Time Vision Based Object Detection}} from {{UAV Aerial Images}}: {{A Conceptual Framework}}},
  isbn = {978-3-642-40408-5 978-3-642-40409-2},
  shorttitle = {Real {{Time Vision Based Object Detection}} from {{UAV Aerial Images}}},
  language = {en},
  booktitle = {Intelligent {{Robotics Systems}}: {{Inspiring}} the {{NEXT}}},
  publisher = {{Springer, Berlin, Heidelberg}},
  author = {Saif, A. F. M. Saifuddin and Prabuwono, Anton Satria and Mahayuddin, Zainal Rasyid},
  month = aug,
  year = {2013},
  pages = {265-274}
}

@inproceedings{Gaszczak.Breckon.ea:IRCV:2011,
  title = {Real-Time People and Vehicle Detection from {{UAV}} Imagery},
  volume = {7878},
  booktitle = {Intelligent {{Robots}} and {{Computer Vision XXVIII}}: {{Algorithms}} and {{Techniques}}},
  publisher = {{International Society for Optics and Photonics}},
  author = {Gaszczak, Anna and Breckon, Toby P. and Han, Jiwan},
  month = jan,
  year = {2011},
  pages = {78780B}
}

@inproceedings{Rodriguez.Castiblanco.ea:ICUAS:2014,
  title = {Low-Cost Quadrotor Applied for Visual Detection of Landmine-like Objects},
  booktitle = {2014 {{International Conference}} on {{Unmanned Aircraft Systems}} ({{ICUAS}})},
  author = {Rodriguez, J. and Castiblanco, C. and Mondragon, I. and Colorado, J.},
  month = may,
  year = {2014},
  pages = {83-88}
}

@article{Tomic.Schmid.ea:IRAM:2012,
  title = {Toward a {{Fully Autonomous UAV}}: {{Research Platform}} for {{Indoor}} and {{Outdoor Urban Search}} and {{Rescue}}},
  volume = {19},
  issn = {1070-9932},
  shorttitle = {Toward a {{Fully Autonomous UAV}}},
  number = {3},
  journal = {IEEE Robotics Automation Magazine},
  author = {Tomic, T. and Schmid, K. and Lutz, P. and Domel, A. and Kassecker, M. and Mair, E. and Grixa, I. L. and Ruess, F. and Suppa, M. and Burschka, D.},
  month = sep,
  year = {2012},
  pages = {46-56}
}

@inproceedings{Moreno-Armendariz.Calvo:ICMEAE:2014,
  title = {Visual {{SLAM}} and {{Obstacle Avoidance}} in {{Real Time}} for {{Mobile Robots Navigation}}},
  booktitle = {2014 {{International Conference}} on {{Mechatronics}}, {{Electronics}} and {{Automotive Engineering}}},
  author = {{Moreno-Armend{\'a}riz}, M. A. and Calvo, H.},
  month = nov,
  year = {2014},
  pages = {44-49}
}

@article{Gageik.Benz.ea:ACCESS:2015,
  title = {Obstacle {{Detection}} and {{Collision Avoidance}} for a {{UAV With Complementary Low}}-{{Cost Sensors}}},
  volume = {3},
  journal = {IEEE Access},
  author = {Gageik, N. and Benz, P. and Montenegro, S.},
  year = {2015},
  pages = {599-609}
}

@inproceedings{Franceschini.Ruffier.ea:InTech:2012,
  title = {Optic {{Flow Based Visual Guidance}}: {{From Flying Insects}} to {{Miniature Aerial Vehicles}}},
  author = {Franceschini, Nicolas H. and Ruffier, Franck and Serres, Julien and Viollet, St{\'e}phane},
  year = {2012}
}

@article{Srinivasan.Gregory:PTBS:1992,
  title = {How {{Bees Exploit Optic Flow}}: {{Behavioural Experiments}} and {{Neural Models}} [and  {{Discussion}}]},
  volume = {337},
  issn = {0962-8436},
  shorttitle = {How {{Bees Exploit Optic Flow}}},
  number = {1281},
  journal = {Philosophical Transactions: Biological Sciences},
  author = {Srinivasan, Mandyam V. and Gregory, R. L.},
  year = {1992},
  pages = {253-259}
}

@article{Lu.Xue.ea:GSIS:2018,
  title = {A Survey on Vision-Based {{UAV}} Navigation},
  volume = {21},
  issn = {1009-5020},
  number = {1},
  journal = {Geo-spatial Information Science},
  author = {Lu, Yuncheng and Xue, Zhucun and Xia, Gui-Song and Zhang, Liangpei},
  month = jan,
  year = {2018},
  pages = {21-32}
}

@article{Kanellakis.Nikolakopoulos:IROS:2017,
  title = {Survey on {{Computer Vision}} for {{UAVs}}: {{Current Developments}} and {{Trends}}},
  volume = {87},
  issn = {0921-0296, 1573-0409},
  shorttitle = {Survey on {{Computer Vision}} for {{UAVs}}},
  language = {en},
  number = {1},
  journal = {Journal of Intelligent \& Robotic Systems},
  author = {Kanellakis, Christoforos and Nikolakopoulos, George},
  month = jul,
  year = {2017},
  pages = {141-168}
}

@inproceedings{Newcombe.Lovegrove.ea:ICCV:2011,
  title = {{{DTAM}}: {{Dense}} Tracking and Mapping in Real-Time},
  shorttitle = {{{DTAM}}},
  booktitle = {2011 {{International Conference}} on {{Computer Vision}}},
  author = {Newcombe, R. A. and Lovegrove, S. J. and Davison, A. J.},
  month = nov,
  year = {2011},
  pages = {2320-2327}
}

@article{Lovegrove.Davison.ea:IVS:2011,
  title = {Accurate Visual Odometry from a Rear Parking Camera},
  journal = {2011 IEEE Intelligent Vehicles Symposium (IV)},
  author = {Lovegrove, Steven and Davison, Andrew J. and Guzman, Javier Ibanez},
  year = {2011},
  pages = {788-793}
}

@article{Jin.Favaro.ea:VC:2003,
  title = {A Semi-Direct Approach to Structure from Motion},
  volume = {19},
  issn = {0178-2789, 1432-2315},
  language = {en},
  number = {6},
  journal = {The Visual Computer},
  author = {Jin, Hailin and Favaro, Paolo and Soatto, Stefano},
  month = oct,
  year = {2003},
  pages = {377-394}
}

@inproceedings{Molton.Davison.ea:BMVC:2004,
  title = {Locally {{Planar Patch Features}} for {{Real}}-{{Time Structure}} from {{Motion}}},
  booktitle = {Proc. {{British Machine Vision Conference}}},
  publisher = {{BMVC}},
  author = {Molton, N. D. and Davison, A. J. and Reid, I. D.},
  month = sep,
  year = {2004}
}

@article{Scaramuzza.Fraundorfer:RAM:2011,
  title = {Visual {{Odometry}} [{{Tutorial}}]},
  volume = {18},
  issn = {1070-9932},
  number = {4},
  journal = {IEEE Robotics Automation Magazine},
  author = {Scaramuzza, D. and Fraundorfer, F.},
  month = dec,
  year = {2011},
  pages = {80-92}
}

@inproceedings{Harris.Stephens:AVC:1988,
  title = {A Combined Corner and Edge Detector},
  booktitle = {In {{Proc}}. of {{Fourth Alvey Vision Conference}}},
  author = {Harris, Chris and Stephens, Mike},
  year = {1988},
  pages = {147--151}
}

@article{Bay.Ess.ea:CVIU:2008,
  series = {Similarity {{Matching}} in {{Computer Vision}} and {{Multimedia}}},
  title = {Speeded-{{Up Robust Features}} ({{SURF}})},
  volume = {110},
  issn = {1077-3142},
  number = {3},
  journal = {Computer Vision and Image Understanding},
  author = {Bay, Herbert and Ess, Andreas and Tuytelaars, Tinne and Van Gool, Luc},
  month = jun,
  year = {2008},
  pages = {346-359}
}

@inproceedings{Rosten.Drummond:ECCV:2006,
  series = {Lecture {{Notes}} in {{Computer Science}}},
  title = {Machine {{Learning}} for {{High}}-{{Speed Corner Detection}}},
  isbn = {978-3-540-33832-1 978-3-540-33833-8},
  language = {en},
  booktitle = {Computer {{Vision}} \textendash{} {{ECCV}} 2006},
  publisher = {{Springer, Berlin, Heidelberg}},
  author = {Rosten, Edward and Drummond, Tom},
  month = may,
  year = {2006},
  pages = {430-443}
}

@inproceedings{Lowe:ICCV:1999,
  title = {Object Recognition from Local Scale-Invariant Features},
  volume = {2},
  booktitle = {Proceedings of the {{Seventh IEEE International Conference}} on {{Computer Vision}}},
  author = {Lowe, D. G.},
  year = {1999},
  pages = {1150-1157 vol.2}
}

@inproceedings{Forster.Pizzoli.ea:ICRA:2014,
  title = {{{SVO}}: {{Fast}} Semi-Direct Monocular Visual Odometry},
  shorttitle = {{{SVO}}},
  booktitle = {2014 {{IEEE International Conference}} on {{Robotics}} and {{Automation}} ({{ICRA}})},
  author = {Forster, C. and Pizzoli, M. and Scaramuzza, D.},
  month = may,
  year = {2014},
  pages = {15-22}
}

@book{Nonami.Kendoul.ea:AutonomFlightRobots:2010,
  title = {Autonomous {{Flying Robots}}: {{Unmanned Aerial Vehicles}} and {{Micro Aerial Vehicles}}},
  isbn = {978-4-431-53855-4},
  shorttitle = {Autonomous {{Flying Robots}}},
  language = {en},
  publisher = {{Springer Japan}},
  author = {Nonami, Kenzo and Kendoul, Farid and Suzuki, Satoshi and Wang, Wei and Nakazawa, Daisuke},
  year = {2010}
}

@article{Harmat.Trentini.ea:IROS:2015,
  title = {Multi-{{Camera Tracking}} and {{Mapping}} for {{Unmanned Aerial Vehicles}} in {{Unstructured Environments}}},
  volume = {78},
  issn = {0921-0296, 1573-0409},
  language = {en},
  number = {2},
  journal = {Journal of Intelligent \& Robotic Systems},
  author = {Harmat, Adam and Trentini, Michael and Sharf, Inna},
  month = may,
  year = {2015},
  pages = {291-317}
}

@inproceedings{Klein.Murray:ISMAR:2007,
  title = {Parallel {{Tracking}} and {{Mapping}} for {{Small AR Workspaces}}},
  booktitle = {2007 6th {{IEEE}} and {{ACM International Symposium}} on {{Mixed}} and {{Augmented Reality}}},
  author = {Klein, G. and Murray, D.},
  month = nov,
  year = {2007},
  pages = {225-234}
}

@article{Stefas.Bayram.ea::2016,
  series = {5th {{IFAC Conference}} on {{Sensing}}, {{Control}} and {{Automation Technologies}} for {{Agriculture AGRICONTROL}} 2016},
  title = {Vision-{{Based UAV Navigation}} in {{Orchards}}},
  volume = {49},
  issn = {2405-8963},
  number = {16},
  journal = {IFAC-PapersOnLine},
  author = {Stefas, Nikolaos and Bayram, Haluk and Isler, Volkan},
  month = jan,
  year = {2016},
  pages = {10-15}
}

@book{Chatterjee.Rakshit.ea::2013,
  address = {{Berlin Heidelberg}},
  series = {Studies in {{Computational Intelligence}}},
  title = {Vision {{Based Autonomous Robot Navigation}}: {{Algorithms}} and {{Implementations}}},
  isbn = {978-3-642-33964-6},
  shorttitle = {Vision {{Based Autonomous Robot Navigation}}},
  language = {en},
  publisher = {{Springer-Verlag}},
  author = {Chatterjee, Amitava and Rakshit, Anjan and Singh, N. Nirmal},
  year = {2013}
}

@inproceedings{Sinopoli.Micheli.ea::2001,
  title = {Vision Based Navigation for an Unmanned Aerial Vehicle},
  volume = {2},
  booktitle = {Proceedings 2001 {{ICRA}}. {{IEEE International Conference}} on {{Robotics}} and {{Automation}} ({{Cat}}. {{No}}.{{01CH37164}})},
  author = {Sinopoli, B. and Micheli, M. and Donato, G. and Koo, T. J.},
  year = {2001},
  pages = {1757-1764 vol.2}
}

@article{Cesetti.Frontoni.ea::2010,
  title = {A {{Vision}}-{{Based Guidance System}} for {{UAV Navigation}} and {{Safe Landing}} Using {{Natural Landmarks}}},
  volume = {57},
  issn = {0921-0296, 1573-0409},
  language = {en},
  number = {1-4},
  journal = {Journal of Intelligent and Robotic Systems},
  author = {Cesetti, A. and Frontoni, E. and Mancini, A. and Zingaretti, P. and Longhi, S.},
  month = jan,
  year = {2010},
  pages = {233}
}

@inproceedings{Yao.Yu.ea:CCC:2017,
  title = {Deep-Learning-Based Moving Target Detection for Unmanned Air Vehicles},
  booktitle = {2017 36th {{Chinese Control Conference}} ({{CCC}})},
  author = {Yao, H. and Yu, Q. and Xing, X. and He, F. and Ma, J.},
  month = jul,
  year = {2017},
  pages = {11459-11463}
}

@article{Furukawa:TechRep:2018,
  archivePrefix = {arXiv},
  eprinttype = {arxiv},
  eprint = {1801.08558},
  primaryClass = {cs},
  title = {Deep {{Learning}} for {{End}}-to-{{End Automatic Target Recognition}} from {{Synthetic Aperture Radar Imagery}}},
  journal = {arXiv:1801.08558 [cs]},
  author = {Furukawa, Hidetoshi},
  month = jan,
  year = {2018}
}

@inproceedings{Lange.Sunderhauf.ea:SIMPAR:2008,
  title = {Autonomous {{Landing}} for a {{Multirotor UAV Using Vision}}},
  booktitle = {In {{SIMPAR}} 2008 {{Intl}}. {{Conf}}. on {{Simulation}}, {{Modeling}} and {{Programming}} for {{Autonomous Robots}}},
  author = {Lange, Sven and S{\"u}nderhauf, Niko and Protzel, Peter},
  year = {2008},
  pages = {482--491}
}

@inproceedings{Lacroix.Caballero:IROS:2006,
  title = {Autonomous Detection of Safe Landing Areas for an {{UAV}} from Monocular Images},
  booktitle = {In {{IEEE}}/{{RSJ International Conference}} on {{Intelligent Robots}} and {{Systems}}},
  author = {Lacroix, Simon and Caballero, Fernando},
  year = {2006}
}

@inproceedings{Lee.Wang.ea:IRC:2017,
  title = {Real-{{Time}}, {{Cloud}}-{{Based Object Detection}} for {{Unmanned Aerial Vehicles}}},
  booktitle = {2017 {{First IEEE International Conference}} on {{Robotic Computing}} ({{IRC}})},
  author = {Lee, J. and Wang, J. and Crandall, D. and {\v S}abanovi{\'c}, S. and Fox, G.},
  month = apr,
  year = {2017},
  pages = {36-43}
}

@article{Araar.Aouf.ea:IROS:2017,
  title = {Vision {{Based Autonomous Landing}} of {{Multirotor UAV}} on {{Moving Platform}}},
  volume = {85},
  issn = {0921-0296, 1573-0409},
  language = {en},
  number = {2},
  journal = {Journal of Intelligent \& Robotic Systems},
  author = {Araar, Oualid and Aouf, Nabil and Vitanov, Ivan},
  month = feb,
  year = {2017},
  pages = {369-384}
}

@book{Petitot:Neurogeometrie:2008,
  title = {{Neurog{\'e}om{\'e}trie de la vision: mod{\`e}les math{\'e}matiques et physiques des architectures fonctionnelles}},
  isbn = {978-2-7302-1507-7},
  shorttitle = {{Neurog{\'e}om{\'e}trie de la vision}},
  language = {fr},
  publisher = {{Editions Ecole Polytechnique}},
  author = {Petitot, Jean},
  year = {2008}
}

@article{Frey.Dueck:SCIENCE:2017,
  title = {Clustering by Passing Messages between Data Points},
  volume = {315},
  issn = {1095-9203},
  language = {eng},
  number = {5814},
  journal = {Science (New York, N.Y.)},
  author = {Frey, Brendan J. and Dueck, Delbert},
  month = feb,
  year = {2017},
  pages = {972-976}
}

@article{Marr.Hildreth:PRS:1980,
  title = {Theory of Edge Detection},
  volume = {207},
  copyright = {Scanned images copyright \textcopyright{} 2017, Royal Society},
  issn = {0080-4649, 2053-9193},
  language = {en},
  number = {1167},
  journal = {Proc. R. Soc. Lond. B},
  author = {Marr, D. and Hildreth, E.},
  month = feb,
  year = {1980},
  pages = {187-217}
}

@article{Attneave:PR:1954,
  title = {Some Informational Aspects of Visual Perception.},
  volume = {61},
  issn = {1939-1471(Electronic),0033-295X(Print)},
  number = {3},
  journal = {Psychological Review},
  author = {Attneave, Fred},
  year = {1954},
  pages = {183-193}
}

@article{Lu.Chen.ea:IJAIT:2004,
  title = {Multivariate Spatial Outlier Detection},
  volume = {13},
  issn = {0218-2130},
  number = {04},
  journal = {International Journal on Artificial Intelligence Tools},
  author = {Lu, Chang-Tien and Chen, Dechang and Kou, Yufeng},
  month = dec,
  year = {2004},
  pages = {801-811}
}

@article{Sezgin.Sankur:EI:2010,
  title = {Survey over Image Thresholding Techniques and Quantitative Performance Evaluation.},
  volume = {13},
  number = {1},
  journal = {J. Electronic Imaging},
  author = {Sezgin, Mehmet and Sankur, B{\"u}lent},
  month = jul,
  year = {2010},
  pages = {146-168}
}

@article{Wertheimer:Psycologische:1923,
  title = {{{FormsUntersuchungen}} Zur {{Lehre}} von Der {{Gestalt II}}},
  volume = {4},
  journal = {Psycologische Forschung},
  author = {Wertheimer, Max},
  year = {1923},
  pages = {301--350}
}

@article{Otsu:SMC:1979,
  title = {A {{Threshold Selection Method}} from {{Gray}}-{{Level Histograms}}},
  volume = {9},
  issn = {0018-9472},
  number = {1},
  journal = {IEEE Transactions on Systems, Man, and Cybernetics},
  author = {Otsu, N.},
  month = jan,
  year = {1979},
  pages = {62-66}
}

@article{Mumford.Shah:CPAM:1989,
  title = {Optimal Approximations by Piecewise Smooth Functions and Associated Variational Problems},
  volume = {42},
  issn = {1097-0312},
  language = {en},
  number = {5},
  journal = {Communications on Pure and Applied Mathematics},
  author = {Mumford, David and Shah, Jayant},
  month = jul,
  year = {1989},
  pages = {577-685}
}

@article{Hamming:BSTJ:1950,
  title = {Error Detecting and Error Correcting Codes},
  volume = {29},
  issn = {0005-8580},
  number = {2},
  journal = {The Bell System Technical Journal},
  author = {Hamming, R. W.},
  month = apr,
  year = {1950},
  pages = {147-160}
}

@book{Desolneux.Moisan.ea:Gestalt:2008,
  address = {{New York}},
  series = {Interdisciplinary {{Applied Mathematics}}},
  title = {From {{Gestalt Theory}} to {{Image Analysis}}: {{A Probabilistic Approach}}},
  isbn = {978-0-387-72635-9},
  shorttitle = {From {{Gestalt Theory}} to {{Image Analysis}}},
  language = {en},
  publisher = {{Springer-Verlag}},
  author = {Desolneux, Agn{\`e}s and Moisan, Lionel and Morel, Jean-Michel},
  year = {2008}
}

@article{Reed.Yu:TASSP:1990,
  title = {Adaptive Multiple-Band {{CFAR}} Detection of an Optical Pattern with Unknown Spectral Distribution},
  volume = {38},
  issn = {0096-3518},
  number = {10},
  journal = {IEEE Transactions on Acoustics, Speech, and Signal Processing},
  author = {Reed, I. S. and Yu, X.},
  month = oct,
  year = {1990},
  pages = {1760-1770}
}

@inproceedings{Witkin:ICASSP:1984,
  title = {Scale-Space Filtering: {{A}} New Approach to Multi-Scale Description},
  volume = {9},
  shorttitle = {Scale-Space Filtering},
  booktitle = {{{ICASSP}} '84. {{IEEE International Conference}} on {{Acoustics}}, {{Speech}}, and {{Signal Processing}}},
  author = {Witkin, A.},
  month = mar,
  year = {1984},
  pages = {150-153}
}


