
@article{Aggarwal.K.Agrawal:JSIP:2012,
  title = {First and {{Second Order Statistics Features}} for {{Classification}} of {{Magnetic Resonance Brain Images}}},
  author = {Aggarwal, Namita and K. Agrawal, R.},
  year = {2012},
  volume = {03},
  pages = {146--153},
  issn = {2159-4465, 2159-4481},
  doi = {10.4236/jsip.2012.32019},
  annotation = {JSIP},
  journal = {Journal of Signal and Information Processing},
  language = {en},
  number = {02}
}

@article{Al-Kadi:arXiv:2017,
  title = {A Gabor Filter Texture Analysis Approach for Histopathological Brain Tumor Subtype Discrimination},
  author = {{Al-Kadi}, Omar S.},
  year = {2017},
  month = apr,
  pages = {arXiv:1704.05122},
  annotation = {arXiv},
  journal = {arXiv e-prints}
}

@inproceedings{Al-Kaff.Meng.ea:IVS:2016,
  title = {Monocular Vision-Based Obstacle Detection/Avoidance for Unmanned Aerial Vehicles},
  booktitle = {{{IEEE Intelligent Vehicles Symposium}} ({{IV}})},
  author = {{Al-Kaff}, A. and Meng, Qinggang and Mart{\'i}n, D. and de la Escalera, A. and Armingol, J. M.},
  year = {2016},
  month = jun,
  pages = {92--97},
  doi = {10.1109/IVS.2016.7535370},
  annotation = {IVS}
}

@article{Araar.Aouf.ea:IROS:2017,
  title = {Vision {{Based Autonomous Landing}} of {{Multirotor UAV}} on {{Moving Platform}}},
  author = {Araar, Oualid and Aouf, Nabil and Vitanov, Ivan},
  year = {2017},
  month = feb,
  volume = {85},
  pages = {369--384},
  issn = {0921-0296, 1573-0409},
  doi = {10.1007/s10846-016-0399-z},
  annotation = {IROS},
  journal = {Journal of Intelligent \& Robotic Systems},
  language = {en},
  number = {2}
}

@inproceedings{Arbelaez:PR:2006,
  title = {Boundary {{Extraction}} in {{Natural Images Using Ultrametric Contour Maps}}},
  booktitle = {2006 {{Conference}} on {{Computer Vision}} and {{Pattern Recognition Workshop}} ({{CVPRW}}'06)},
  author = {Arbelaez, P.},
  year = {2006},
  month = jun,
  pages = {182--182},
  doi = {10.1109/CVPRW.2006.48},
  annotation = {PR}
}

@article{Arbelaez.Maire.ea:PAMI:2011,
  title = {Contour {{Detection}} and {{Hierarchical Image Segmentation}}},
  author = {Arbel{\'a}ez, P. and Maire, M. and Fowlkes, C. and Malik, J.},
  year = {2011},
  month = may,
  volume = {33},
  pages = {898--916},
  issn = {1939-3539},
  doi = {10.1109/TPAMI.2010.161},
  annotation = {PAMI},
  journal = {IEEE Transactions on Pattern Analysis and Machine Intelligence},
  number = {5}
}

@inproceedings{Arbelaez.Maire.ea:PR:2009,
  title = {From Contours to Regions: {{An}} Empirical Evaluation},
  shorttitle = {From Contours to Regions},
  booktitle = {2009 {{IEEE Conference}} on {{Computer Vision}} and {{Pattern Recognition}}},
  author = {Arbelaez, P. and Maire, M. and Fowlkes, C. and Malik, J.},
  year = {2009},
  month = jun,
  pages = {2294--2301},
  doi = {10.1109/CVPR.2009.5206707},
  annotation = {PR}
}

@article{Arivazhagan.Ganesan:PR:2003,
  title = {Texture Classification Using Wavelet Transform},
  author = {Arivazhagan, S and Ganesan, L},
  year = {2003},
  month = jun,
  volume = {24},
  pages = {1513--1521},
  issn = {0167-8655},
  doi = {10.1016/S0167-8655(02)00390-2},
  annotation = {PR},
  journal = {Pattern Recognition Letters},
  language = {en},
  number = {9}
}

@book{Artusi.Banterle.ea:Book:2016,
  title = {Image {{Content Retargeting}}: {{Maintaining Color}}, {{Tone}}, and {{Spatial Consistency}}},
  shorttitle = {Image {{Content Retargeting}}},
  author = {Artusi, Alessandro and Banterle, Francesco and Ayd{\i}n, Tun{\c c} Ozan and Panozzo, Daniele and {Sorkine-Hornung}, Olga},
  year = {2016},
  month = aug,
  publisher = {{CRC Press}},
  annotation = {Book},
  isbn = {978-1-315-35533-7},
  language = {en}
}

@misc{ASTechParisRegion:WebPage:,
  title = {{P\^ole de Comp\'etitivit\'e a\'erospatial}},
  author = {{ASTech Paris Region}},
  annotation = {WebPage},
  howpublished = {https://www.pole-astech.org/},
  language = {fr}
}

@article{Attneave:PR:1954,
  title = {Some Informational Aspects of Visual Perception.},
  author = {Attneave, Fred},
  year = {1954},
  volume = {61},
  pages = {183--193},
  issn = {1939-1471(Electronic),0033-295X(Print)},
  doi = {10.1037/h0054663},
  annotation = {PR},
  journal = {Psychological Review},
  number = {3}
}

@book{Ball:Book:2002,
  title = {Bright {{Earth}}: {{Art}} and the {{Invention}} of {{Color}}},
  shorttitle = {Bright {{Earth}}},
  author = {Ball, Philip},
  year = {2002},
  publisher = {{Farrar, Straus and Giroux}},
  annotation = {Book},
  isbn = {978-0-374-11679-8},
  language = {en}
}

@article{Banerjee.Bhunia.ea:ESWA:2018,
  title = {Local {{Neighborhood Intensity Pattern}}\textendash{{A}} New Texture Feature Descriptor for Image Retrieval},
  author = {Banerjee, Prithaj and Bhunia, Ayan Kumar and Bhattacharyya, Avirup and Roy, Partha Pratim and Murala, Subrahmanyam},
  year = {2018},
  month = dec,
  volume = {113},
  pages = {100--115},
  issn = {0957-4174},
  doi = {10.1016/j.eswa.2018.06.044},
  annotation = {ESWA},
  journal = {Expert Systems with Applications}
}

@techreport{BaquedanoA.:ESIEE:2017,
  title = {Automatic {{Drone Navigation Based}} on {{Computer Vision Applied}} to {{Drone Landing}}},
  author = {{Baquedano, A.}},
  year = {2017},
  month = jun,
  institution = {{ESIEE Paris}},
  annotation = {ESIEE},
  type = {Project {{Report}}}
}

@article{Barbot.Landy.ea:JV:2012,
  title = {Differential Effects of Exogenous and Endogenous Attention on Second-Order Texture Contrast Sensitivity},
  author = {Barbot, Antoine and Landy, Michael S. and Carrasco, Marisa},
  year = {2012},
  month = aug,
  volume = {12},
  pages = {6--6},
  issn = {1534-7362},
  doi = {10.1167/12.8.6},
  annotation = {JV},
  journal = {Journal of Vision},
  language = {en},
  number = {8}
}

@article{Bay.Ess.ea:CVIU:2008,
  title = {Speeded-{{Up Robust Features}} ({{SURF}})},
  author = {Bay, Herbert and Ess, Andreas and Tuytelaars, Tinne and Van Gool, Luc},
  year = {2008},
  month = jun,
  volume = {110},
  pages = {346--359},
  issn = {1077-3142},
  doi = {10.1016/j.cviu.2007.09.014},
  annotation = {CVIU},
  journal = {Computer Vision and Image Understanding},
  number = {3},
  series = {Similarity {{Matching}} in {{Computer Vision}} and {{Multimedia}}}
}

@inproceedings{Bazan.Dokladal.ea:ACIVS:2018,
  title = {Unsupervised {{Perception Model}} for {{UAVs Landing Target Detection}} and {{Recognition}}},
  booktitle = {Advanced {{Concepts}} for {{Intelligent Vision Systems}}},
  author = {Baz{\'a}n, Eric and Dokl{\'a}dal, Petr and Dokl{\'a}dalov{\'a}, Eva},
  editor = {{Blanc-Talon}, Jacques and Helbert, David and Philips, Wilfried and Popescu, Dan and Scheunders, Paul},
  year = {2018},
  pages = {233--244},
  publisher = {{Springer International Publishing}},
  annotation = {ACIVS},
  isbn = {978-3-030-01449-0},
  language = {en},
  series = {Lecture {{Notes}} in {{Computer Science}}}
}

@inproceedings{Bazan.Dokladal.ea:BMVC:2019,
  title = {Quantitative Analysis of Similarity Measures of Distributions},
  booktitle = {30th British Machine Vision Conference 2019, {{BMVC}} 2019, Cardiff, {{UK}}, September 9-12, 2019},
  author = {Baz{\'a}n, Eric and Dokl{\'a}dal, Petr and Dokl{\'a}dalov{\'a}, Eva},
  year = {2019},
  pages = {187},
  publisher = {{BMVA Press}},
  annotation = {BMVC}
}

@inproceedings{Bazan.Dokladal.ea:RFIAP:2018,
  title = {Non Supervised Perceptual Model for Target Recognition in {{UAVs}}},
  booktitle = {Reconnaissance Des {{Formes}}, {{Image}}, {{Apprentissage}} et {{Perception RFIAP}}},
  author = {Bazan, Eric and Dokl{\'a}dal, Petr and Dokladalova, Eva},
  year = {2018},
  month = jun,
  annotation = {RFIAP}
}

@book{Berlin.Kay:Book:1991,
  title = {Basic {{Color Terms}}: {{Their Universality}} and {{Evolution}}},
  shorttitle = {Basic {{Color Terms}}},
  author = {Berlin, Brent and Kay, Paul},
  year = {1991},
  publisher = {{University of California Press}},
  annotation = {Book},
  isbn = {978-0-520-07635-8},
  language = {en}
}

@article{Beucher.Meyer:OI:1993,
  title = {The Morphological Approach to Segmentation: The Watershed Transformation. {{Mathematical}} Morphology in Image Processing.},
  author = {Beucher, S. and Meyer, F.},
  year = {1993},
  volume = {34},
  pages = {433--481},
  annotation = {OI},
  journal = {Optical Engineering}
}

@book{Beyerer.Leon.ea:Book:2016,
  title = {Machine {{Vision}}: {{Automated Visual Inspection}}: {{Theory}}, {{Practice}} and {{Applications}}},
  shorttitle = {Machine {{Vision}}},
  author = {Beyerer, J{\"u}rgen and Le{\'o}n, Fernando Puente and Frese, Christian},
  year = {2016},
  publisher = {{Springer-Verlag}},
  address = {{Berlin Heidelberg}},
  annotation = {Book},
  isbn = {978-3-662-47793-9},
  language = {en}
}

@article{Bharati.Liu.ea:CILS:2004,
  title = {Image Texture Analysis: Methods and Comparisons},
  shorttitle = {Image Texture Analysis},
  author = {Bharati, Manish H. and Liu, J. Jay and MacGregor, John F.},
  year = {2004},
  month = jun,
  volume = {72},
  pages = {57--71},
  issn = {0169-7439},
  doi = {10.1016/j.chemolab.2004.02.005},
  annotation = {CILS},
  journal = {Chemometrics and Intelligent Laboratory Systems},
  language = {en},
  number = {1}
}

@article{Bhattacharyya:IJS:1946,
  title = {On a {{Measure}} of {{Divergence}} between {{Two Multinomial Populations}}},
  author = {Bhattacharyya, A.},
  year = {1946},
  volume = {7},
  pages = {401--406},
  issn = {0036-4452},
  annotation = {IJS},
  journal = {Sankhy\=a: The Indian Journal of Statistics (1933-1960)},
  number = {4}
}

@book{Bishop:BOOK:2006,
  title = {Pattern {{Recognition}} and {{Machine Learning}}},
  author = {Bishop, Christopher},
  year = {2006},
  publisher = {{Springer-Verlag}},
  address = {{New York}},
  annotation = {BOOK},
  isbn = {978-0-387-31073-2},
  language = {en},
  series = {Information {{Science}} and {{Statistics}}}
}

@article{Bogachev.Kolesnikov:RMS:2012,
  title = {The {{Monge}}-{{Kantorovich}} Problem: Achievements, Connections, and Perspectives},
  shorttitle = {The {{Monge}}-{{Kantorovich}} Problem},
  author = {Bogachev, Vladimir I. and Kolesnikov, Aleksandr V.},
  year = {2012},
  volume = {67},
  pages = {785},
  issn = {0036-0279},
  doi = {10.1070/RM2012v067n05ABEH004808},
  annotation = {RMS},
  journal = {Russian Mathematical Surveys},
  language = {en},
  number = {5}
}

@article{Boukerroui.Noble.ea:JMIV:2004,
  title = {On the {{Choice}} of {{Band}}-{{Pass Quadrature Filters}}},
  author = {Boukerroui, Djamal and Noble, J. Alison and Brady, Michael},
  year = {2004},
  month = jul,
  volume = {21},
  pages = {53--80},
  issn = {1573-7683},
  doi = {10.1023/B:JMIV.0000026557.50965.09},
  annotation = {JMIV},
  journal = {Journal of Mathematical Imaging and Vision},
  language = {en},
  number = {1}
}

@article{Bovik.Clark.ea:TPAMI:1990,
  title = {Multichannel Texture Analysis Using Localized Spatial Filters},
  author = {Bovik, A.C. and Clark, M. and Geisler, W.S.},
  year = {1990},
  month = jan,
  volume = {12},
  pages = {55--73},
  issn = {1939-3539},
  doi = {10.1109/34.41384},
  annotation = {TPAMI},
  journal = {IEEE Transactions on Pattern Analysis and Machine Intelligence},
  number = {1}
}

@book{Bracewell:FourierBook:1999,
  title = {The {{Fourier Transform}} and {{Its Applications}}},
  author = {Bracewell, Ronald N.},
  year = {1999},
  month = jul,
  edition = {3rd Revised edition},
  publisher = {{McGraw Hill Higher Education}},
  address = {{Boston}},
  annotation = {FourierBook},
  isbn = {978-0-07-303938-1},
  language = {Anglais}
}

@article{Bradley.Roth:ACM:2007,
  title = {G.: {{Adaptive}} Thresholding Using the Integral Image},
  shorttitle = {G.},
  author = {Bradley, Derek and Roth, Gerhard},
  year = {2007},
  pages = {13--21},
  annotation = {ACM},
  journal = {ACM J. Graph. Tools}
}

@book{Bull:Book:2014,
  title = {Communicating Pictures: {{A}} Course in Image and Video Coding},
  author = {Bull, David R},
  year = {2014},
  publisher = {{Academic Press}},
  annotation = {Book}
}

@article{Bylinskii.Judd.ea:PAMI:2018,
  title = {What Do Different Evaluation Metrics Tell Us about Saliency Models?},
  author = {Bylinskii, Z. and Judd, T. and Oliva, A. and Torralba, A. and Durand, F.},
  year = {2018},
  pages = {1--1},
  issn = {0162-8828},
  doi = {10.1109/TPAMI.2018.2815601},
  annotation = {PAMI},
  journal = {IEEE Transactions on Pattern Analysis and Machine Intelligence}
}

@article{Canny:PAMI:1986,
  title = {A {{Computational Approach}} to {{Edge Detection}}},
  author = {Canny, J.},
  year = {1986},
  month = nov,
  volume = {PAMI-8},
  pages = {679--698},
  issn = {0162-8828},
  doi = {10.1109/TPAMI.1986.4767851},
  annotation = {PAMI},
  journal = {IEEE Transactions on Pattern Analysis and Machine Intelligence},
  number = {6}
}

@article{Carlucci:PR:1972,
  title = {A Formal System for Texture Languages},
  author = {Carlucci, Luigia},
  year = {1972},
  month = jan,
  volume = {4},
  pages = {53--72},
  issn = {0031-3203},
  doi = {10.1016/0031-3203(72)90019-2},
  annotation = {PR},
  journal = {Pattern Recognition},
  language = {en},
  number = {1}
}

@article{Carrio.Sampedro.ea:JS:2017,
  title = {A {{Review}} of {{Deep Learning Methods}} and {{Applications}} for {{Unmanned Aerial Vehicles}}},
  author = {Carrio, Adrian and Sampedro, Carlos and {Rodriguez-Ramos}, Alejandro and Cervera, Pascual Campoy},
  year = {2017},
  volume = {2017},
  pages = {3296874:1-3296874:13},
  annotation = {JS},
  journal = {Journal of Sensors}
}

@article{Cesetti.Frontoni.ea::2010,
  title = {A {{Vision}}-{{Based Guidance System}} for {{UAV Navigation}} and {{Safe Landing}} Using {{Natural Landmarks}}},
  author = {Cesetti, A. and Frontoni, E. and Mancini, A. and Zingaretti, P. and Longhi, S.},
  year = {2010},
  month = jan,
  volume = {57},
  pages = {233},
  issn = {0921-0296, 1573-0409},
  doi = {10.1007/s10846-009-9373-3},
  journal = {Journal of Intelligent and Robotic Systems},
  language = {en},
  number = {1-4}
}

@book{Cha:IJMMAS:2007,
  title = {Comprehensive {{Survey}} on {{Distance}}/{{Similarity Measures}} between {{Probability Density Functions}}},
  author = {Cha, Sung-Hyuk},
  year = {2007},
  annotation = {IJMMAS}
}

@inproceedings{Chatoux.Richard.ea:ORASIS:2017,
  title = {Difference between Distributions},
  booktitle = {{{ORASIS}} 2017 : 16\`eme Journ\'ees Francophones Des Jeunes Chercheurs En Vision Par Ordinateur},
  author = {Chatoux, Hermine and Richard, No{\"e}l and Lecellier, Fran{\c c}ois and {Fernandez-Maloigne}, Christine},
  year = {2017},
  month = jun,
  publisher = {{GREYC}},
  address = {{Colleville-sur-mer, France}},
  annotation = {ORASIS}
}

@book{Chatterjee.Rakshit.ea::2013,
  title = {Vision {{Based Autonomous Robot Navigation}}: {{Algorithms}} and {{Implementations}}},
  shorttitle = {Vision {{Based Autonomous Robot Navigation}}},
  author = {Chatterjee, Amitava and Rakshit, Anjan and Singh, N. Nirmal},
  year = {2013},
  publisher = {{Springer-Verlag}},
  address = {{Berlin Heidelberg}},
  isbn = {978-3-642-33964-6},
  language = {en},
  series = {Studies in {{Computational Intelligence}}}
}

@article{ChengjunLiu.Wechsler:NN:2003,
  title = {Independent Component Analysis of {{Gabor}} Features for Face Recognition},
  author = {Chengjun Liu and Wechsler, H.},
  year = {2003},
  month = jul,
  volume = {14},
  pages = {919--928},
  issn = {1941-0093},
  doi = {10.1109/TNN.2003.813829},
  annotation = {NN},
  journal = {IEEE Transactions on Neural Networks},
  number = {4}
}

@article{CIE:Journal:1932,
  title = {Commission Internationale de l'eclairage Proceedings, 1931},
  author = {CIE, CUPC},
  year = {1932},
  annotation = {Journal},
  journal = {Cambridge University, Cambridge}
}

@inproceedings{Cimpoi.Maji.ea:CVPR:2014,
  title = {Describing Textures in the Wild},
  booktitle = {Proceedings of the {{IEEE}} Conf. on Computer Vision and Pattern Recognition ({{CVPR}})},
  author = {Cimpoi, M. and Maji, S. and Kokkinos, I. and Mohamed, S. and Vedaldi, {and} A.},
  year = {2014},
  annotation = {CVPR}
}

@article{Clausi.EdJernigan:JPR:2000,
  title = {Designing {{Gabor}} Filters for Optimal Texture Separability},
  author = {Clausi, David A. and Ed Jernigan, M.},
  year = {2000},
  month = nov,
  volume = {33},
  pages = {1835--1849},
  issn = {0031-3203},
  doi = {10.1016/S0031-3203(99)00181-8},
  annotation = {JPR},
  journal = {Pattern Recognition},
  language = {en},
  number = {11}
}

@article{Cohen.Fan.ea:PAMI:1991,
  title = {Automated Inspection of Textile Fabrics Using Textural Models},
  author = {Cohen, F. S. and Fan, Z. and Attali, S.},
  year = {1991},
  month = aug,
  volume = {13},
  pages = {803--808},
  issn = {1939-3539},
  doi = {10.1109/34.85670},
  annotation = {PAMI},
  journal = {IEEE Transactions on Pattern Analysis and Machine Intelligence},
  number = {8}
}

@article{Cord.Bach.ea:JoM:2010,
  title = {Texture Classification by Statistical Learning from Morphological Image Processing: Application to Metallic Surfaces},
  shorttitle = {Texture Classification by Statistical Learning from Morphological Image Processing},
  author = {Cord, A. and Bach, F. and Jeulin, D.},
  year = {2010},
  volume = {239},
  pages = {159--166},
  issn = {1365-2818},
  doi = {10.1111/j.1365-2818.2010.03365.x},
  annotation = {JoM},
  journal = {Journal of Microscopy},
  language = {en},
  number = {2}
}

@article{Cross.Jain:PAMI:1983,
  title = {Markov {{Random Field Texture Models}}},
  author = {Cross, G. R. and Jain, A. K.},
  year = {1983},
  month = jan,
  volume = {PAMI-5},
  pages = {25--39},
  issn = {1939-3539},
  doi = {10.1109/TPAMI.1983.4767341},
  annotation = {PAMI},
  journal = {IEEE Transactions on Pattern Analysis and Machine Intelligence},
  number = {1}
}

@inproceedings{Cuturi:NIPS:2013,
  title = {Sinkhorn {{Distances}}: {{Lightspeed Computation}} of {{Optimal Transport}}},
  shorttitle = {Sinkhorn {{Distances}}},
  booktitle = {Proceedings of the 26th {{International Conference}} on {{Neural Information Processing Systems}} - {{Volume}} 2},
  author = {Cuturi, Marco},
  year = {2013},
  pages = {2292--2300},
  publisher = {{Curran Associates Inc.}},
  address = {{USA}},
  annotation = {NIPS},
  series = {{{NIPS}}'13}
}

@article{Cuturi.Avis:JMLR:2011,
  title = {Ground {{Metric Learning}}},
  author = {Cuturi, Marco and Avis, David},
  year = {2011},
  month = oct,
  pages = {arXiv:1110.2306},
  annotation = {JMLR},
  journal = {arXiv e-prints}
}

@article{Daugman:JOSA:1985a,
  title = {Uncertainty Relation for Resolution in Space, Spatial Frequency, and Orientation Optimized by Two-Dimensional Visual Cortical Filters},
  author = {Daugman, John G.},
  year = {1985},
  month = jul,
  volume = {2},
  pages = {1160--1169},
  issn = {1520-8532},
  doi = {10.1364/JOSAA.2.001160},
  annotation = {JOSA},
  copyright = {\&\#169; 1985 Optical Society of America},
  journal = {JOSAA},
  language = {EN},
  number = {7}
}

@article{Daugman:TASSP:1988,
  title = {Complete Discrete 2-{{D Gabor}} Transforms by Neural Networks for Image Analysis and Compression},
  author = {Daugman, J. G.},
  year = {1988},
  month = jul,
  volume = {36},
  pages = {1169--1179},
  issn = {0096-3518},
  doi = {10.1109/29.1644},
  annotation = {TASSP},
  journal = {IEEE Transactions on Acoustics, Speech, and Signal Processing},
  number = {7}
}

@article{DeAngelis.Ohzawa.ea:TN:1995,
  title = {Receptive-Field Dynamics in the Central Visual Pathways},
  author = {DeAngelis, Gregory C. and Ohzawa, Izumi and Freeman, Ralph D.},
  year = {1995},
  month = oct,
  volume = {18},
  pages = {451--458},
  issn = {0166-2236},
  doi = {10.1016/0166-2236(95)94496-R},
  annotation = {TN},
  journal = {Trends in Neurosciences},
  language = {en},
  number = {10}
}

@article{Derin.Cole:CVGIM:1986,
  title = {Segmentation of Textured Images Using {{Gibbs}} Random Fields},
  author = {Derin, Haluk and Cole, William S.},
  year = {1986},
  month = jul,
  volume = {35},
  pages = {72--98},
  issn = {0734-189X},
  doi = {10.1016/0734-189X(86)90126-X},
  annotation = {CVGIM},
  journal = {Computer Vision, Graphics, and Image Processing},
  language = {en},
  number = {1}
}

@book{Desolneux.Moisan.ea:Gestalt:2008,
  title = {From {{Gestalt Theory}} to {{Image Analysis}}: {{A Probabilistic Approach}}},
  shorttitle = {From {{Gestalt Theory}} to {{Image Analysis}}},
  author = {Desolneux, Agn{\`e}s and Moisan, Lionel and Morel, Jean-Michel},
  year = {2008},
  publisher = {{Springer-Verlag}},
  address = {{New York}},
  annotation = {Gestalt},
  isbn = {978-0-387-72635-9},
  language = {en},
  series = {Interdisciplinary {{Applied Mathematics}}}
}

@article{Desolneux.Moisan.ea:IJCV:2000,
  title = {Meaningful {{Alignments}}},
  author = {Desolneux, Agn{\`e}s and Moisan, Lionel and Morel, Jean-Michel},
  year = {2000},
  month = oct,
  volume = {40},
  pages = {7--23},
  issn = {0920-5691, 1573-1405},
  doi = {10.1023/A:1026593302236},
  annotation = {IJCV},
  journal = {International Journal of Computer Vision},
  language = {en},
  number = {1}
}

@inproceedings{Dokladal:ISMM:2017,
  title = {Statistical {{Threshold Selection}} for {{Path Openings}} to {{Detect Cracks}}},
  booktitle = {Mathematical {{Morphology}} and {{Its Applications}} to {{Signal}} and {{Image Processing}}},
  author = {Dokl{\'a}dal, Petr},
  year = {2017},
  month = may,
  pages = {369--380},
  publisher = {{Springer, Cham}},
  doi = {10.1007/978-3-319-57240-6_30},
  annotation = {ISMM},
  isbn = {978-3-319-57239-0 978-3-319-57240-6},
  language = {en},
  series = {Lecture {{Notes}} in {{Computer Science}}}
}

@inproceedings{Dollar.Tu.ea:BMVC:2009,
  title = {Integral {{Channel Features}}},
  booktitle = {Procedings of the {{British Machine Vision Conference}} 2009},
  author = {Dollar, Piotr and Tu, Zhuowen and Perona, Pietro and Belongie, Serge},
  year = {2009},
  pages = {91.1-91.11},
  publisher = {{British Machine Vision Association}},
  address = {{London}},
  doi = {10.5244/C.23.91},
  annotation = {BMVC},
  isbn = {978-1-901725-39-1},
  language = {en}
}

@inproceedings{Dollar.ZhuowenTu.ea:CVPR:2006,
  title = {Supervised {{Learning}} of {{Edges}} and {{Object Boundaries}}},
  booktitle = {2006 {{IEEE Computer Society Conference}} on {{Computer Vision}} and {{Pattern Recognition}} ({{CVPR}}'06)},
  author = {Dollar, P. and {Zhuowen Tu} and Belongie, S.},
  year = {2006},
  month = jun,
  volume = {2},
  pages = {1964--1971},
  doi = {10.1109/CVPR.2006.298},
  annotation = {CVPR}
}

@inproceedings{Dollar.Zitnick:ICCV:2013,
  title = {Structured {{Forests}} for {{Fast Edge Detection}}},
  booktitle = {2013 {{IEEE International Conference}} on {{Computer Vision}}},
  author = {Doll{\'a}r, P. and Zitnick, C. L.},
  year = {2013},
  month = dec,
  pages = {1841--1848},
  doi = {10.1109/ICCV.2013.231},
  annotation = {ICCV}
}

@article{Dollar.Zitnick:PAMI:2015,
  title = {Fast {{Edge Detection Using Structured Forests}}},
  author = {Doll{\'a}r, P. and Zitnick, C. L.},
  year = {2015},
  month = aug,
  volume = {37},
  pages = {1558--1570},
  issn = {1939-3539},
  doi = {10.1109/TPAMI.2014.2377715},
  annotation = {PAMI},
  journal = {IEEE Transactions on Pattern Analysis and Machine Intelligence},
  number = {8}
}

@article{Douglas.Kerr:Online:2005,
  title = {Color and Color Spaces},
  author = {Douglas, A. and Kerr, P:E.},
  year = {2005},
  month = nov,
  pages = {1--40},
  annotation = {Online},
  number = {8}
}

@article{Eberli.Scaramuzza.ea:IROS:2011,
  title = {Vision {{Based Position Control}} for {{MAVs Using One Single Circular Landmark}}},
  author = {Eberli, Daniel and Scaramuzza, Davide and Weiss, Stephan and Siegwart, Roland},
  year = {2011},
  month = jan,
  volume = {61},
  pages = {495--512},
  issn = {0921-0296, 1573-0409},
  doi = {10.1007/s10846-010-9494-8},
  annotation = {IROS},
  journal = {Journal of Intelligent \& Robotic Systems},
  language = {en},
  number = {1-4}
}

@article{Ehrich.Foith:CGIP:1978,
  title = {A View of Texture Topology and Texture Description},
  author = {Ehrich, R. W. and Foith, J. P.},
  year = {1978},
  month = oct,
  volume = {8},
  pages = {174--202},
  issn = {0146-664X},
  doi = {10.1016/0146-664X(78)90048-5},
  annotation = {CGIP},
  journal = {Computer Graphics and Image Processing},
  language = {en},
  number = {2}
}

@book{Fairchild:Book:2005,
  title = {Color {{Appearance Models}}},
  author = {Fairchild, Mark D.},
  year = {2005},
  month = jul,
  publisher = {{John Wiley \& Sons}},
  annotation = {Book},
  isbn = {978-0-470-01269-7},
  language = {en}
}

@article{Felzenszwalb.Huttenlocher:IJCV:2004,
  title = {Efficient {{Graph}}-{{Based Image Segmentation}}},
  author = {Felzenszwalb, Pedro F. and Huttenlocher, Daniel P.},
  year = {2004},
  month = sep,
  volume = {59},
  pages = {167--181},
  issn = {0920-5691, 1573-1405},
  doi = {10.1023/B:VISI.0000022288.19776.77},
  annotation = {IJCV},
  journal = {International Journal of Computer Vision},
  language = {en},
  number = {2}
}

@article{Fiala:PAMI:2010,
  title = {Designing {{Highly Reliable Fiducial Markers}}},
  author = {Fiala, M.},
  year = {2010},
  month = jul,
  volume = {32},
  pages = {1317--1324},
  issn = {1939-3539},
  doi = {10.1109/TPAMI.2009.146},
  annotation = {PAMI},
  journal = {IEEE Transactions on Pattern Analysis and Machine Intelligence},
  number = {7}
}

@misc{Flamary.Courty:POT:2017,
  title = {{{POT Python Optimal Transport}} Library},
  author = {Flamary, R'emi and Courty, Nicolas},
  year = {2017},
  annotation = {POT},
  howpublished = {https://github.com/rflamary/POT}
}

@inproceedings{Forster.Pizzoli.ea:ICRA:2014,
  title = {{{SVO}}: {{Fast}} Semi-Direct Monocular Visual Odometry},
  shorttitle = {{{SVO}}},
  booktitle = {2014 {{IEEE International Conference}} on {{Robotics}} and {{Automation}} ({{ICRA}})},
  author = {Forster, C. and Pizzoli, M. and Scaramuzza, D.},
  year = {2014},
  month = may,
  pages = {15--22},
  doi = {10.1109/ICRA.2014.6906584},
  annotation = {ICRA}
}

@article{Fram.Deutsch:TC:1975,
  title = {On the {{Quantitative Evaluation}} of {{Edge Detection Schemes}} and Their {{Comparison}} with {{Human Performance}}},
  author = {Fram, J. R. and Deutsch, E. S.},
  year = {1975},
  month = jun,
  volume = {C-24},
  pages = {616--628},
  issn = {1557-9956},
  doi = {10.1109/T-C.1975.224274},
  annotation = {TC},
  journal = {IEEE Transactions on Computers},
  number = {6}
}

@incollection{Franceschini.Ruffier.ea:InTech:2009,
  title = {Optic Flow Based Visual Guidance: {{From}} Flying Insects to Miniature Aerial Vehicles},
  booktitle = {Aerial Vehicles},
  author = {Franceschini, Nicolas and Ruffier, Franck and Serres, Julien and Viollet, Stephane},
  editor = {Lam, Thanh Mung},
  year = {2009},
  publisher = {{IntechOpen}},
  address = {{Rijeka}},
  annotation = {InTech}
}

@article{Frey.Dueck:SCIENCE:2017,
  title = {Clustering by Passing Messages between Data Points},
  author = {Frey, Brendan J. and Dueck, Delbert},
  year = {2017},
  month = feb,
  volume = {315},
  pages = {972--976},
  issn = {1095-9203},
  doi = {10.1126/science.1136800},
  annotation = {SCIENCE},
  journal = {Science (New York, N.Y.)},
  language = {eng},
  number = {5814}
}

@article{Furukawa:TechRep:2018,
  title = {Deep {{Learning}} for {{End}}-to-{{End Automatic Target Recognition}} from {{Synthetic Aperture Radar Imagery}}},
  author = {Furukawa, Hidetoshi},
  year = {2018},
  month = jan,
  annotation = {TechRep},
  archiveprefix = {arXiv},
  eprint = {1801.08558},
  eprinttype = {arxiv},
  journal = {arXiv:1801.08558 [cs]},
  primaryclass = {cs}
}

@article{Gabor:JIEE:1946,
  title = {Theory of Communication. {{Part}} 1: {{The}} Analysis of Information},
  shorttitle = {Theory of Communication. {{Part}} 1},
  author = {Gabor, D.},
  year = {1946},
  month = nov,
  volume = {93},
  pages = {429--441},
  doi = {10.1049/ji-3-2.1946.0074},
  annotation = {JIEE},
  journal = {Journal of the Institution of Electrical Engineers - Part III: Radio and Communication Engineering},
  number = {26}
}

@article{Gageik.Benz.ea:ACCESS:2015,
  title = {Obstacle {{Detection}} and {{Collision Avoidance}} for a {{UAV With Complementary Low}}-{{Cost Sensors}}},
  author = {Gageik, N. and Benz, P. and Montenegro, S.},
  year = {2015},
  volume = {3},
  pages = {599--609},
  doi = {10.1109/ACCESS.2015.2432455},
  annotation = {ACCESS},
  journal = {IEEE Access}
}

@article{Garrido-Jurado.Munoz-Salinas.ea:PR:2014,
  title = {Automatic Generation and Detection of Highly Reliable Fiducial Markers under Occlusion},
  author = {{Garrido-Jurado}, S. and {Mu{\~n}oz-Salinas}, R. and {Madrid-Cuevas}, F. J. and {Mar{\'i}n-Jim{\'e}nez}, M. J.},
  year = {2014},
  month = jun,
  volume = {47},
  pages = {2280--2292},
  issn = {0031-3203},
  doi = {10.1016/j.patcog.2014.01.005},
  annotation = {PR},
  journal = {Pattern Recognition},
  language = {en},
  number = {6}
}

@inproceedings{Gaszczak.Breckon.ea:IRCV:2011,
  title = {Real-Time People and Vehicle Detection from {{UAV}} Imagery},
  booktitle = {Intelligent {{Robots}} and {{Computer Vision XXVIII}}: {{Algorithms}} and {{Techniques}}},
  author = {Gaszczak, Anna and Breckon, Toby P. and Han, Jiwan},
  year = {2011},
  month = jan,
  volume = {7878},
  pages = {78780B},
  publisher = {{International Society for Optics and Photonics}},
  doi = {10.1117/12.876663},
  annotation = {IRCV}
}

@misc{GazeboWeb,
  title = {Gazebo},
  howpublished = {http://gazebosim.org/}
}

@article{Gibbs.Su:ISR:2002,
  title = {On {{Choosing}} and {{Bounding Probability Metrics}}},
  author = {Gibbs, Alison L. and Su, Francis Edward},
  year = {2002},
  month = dec,
  volume = {70},
  pages = {419--435},
  doi = {10.1111/j.1751-5823.2002.tb00178.x},
  annotation = {ISR},
  journal = {Interdisciplinary Science Reviews}
}

@book{Goethe:Book:2015,
  title = {Goethe's {{Theory}} of {{Colours}}},
  author = {von Goethe, Johann Wolfgang},
  year = {2015},
  month = nov,
  annotation = {Book},
  copyright = {Public domain in the USA.},
  language = {English},
  lccn = {EBook-No. 50572},
  translator = {Eastlake, Charles Lock}
}

@book{Goldstein:Book:2009,
  title = {Sensation and {{Perception}}},
  author = {Goldstein, E. Bruce},
  year = {2009},
  month = feb,
  publisher = {{Cengage Learning}},
  annotation = {Book},
  isbn = {978-0-495-60149-4},
  language = {en}
}

@book{Gonzalez.Woods:Book:2008,
  title = {Digital {{Image Processing}}},
  author = {Gonzalez, Rafael C. and Woods, Richard Eugene},
  year = {2008},
  publisher = {{Prentice Hall}},
  annotation = {Book},
  isbn = {978-0-13-168728-8},
  language = {en}
}

@article{Granlund:CGIP:1978,
  title = {In Search of a General Picture Processing Operator},
  author = {Granlund, Goesta H.},
  year = {1978},
  month = oct,
  volume = {8},
  pages = {155--173},
  issn = {0146-664X},
  doi = {10.1016/0146-664X(78)90047-3},
  annotation = {CGIP},
  journal = {Computer Graphics and Image Processing},
  language = {en},
  number = {2}
}

@inproceedings{Granlund.Nordberg.ea:ITCE:2000,
  title = {Witas: {{An}} Intelligent Autonomous Aircraft Using Active Vision},
  booktitle = {In {{Proceedings}} of the {{UAV}} 2000 {{International Technical Conference}} and {{Exhibition}}},
  author = {Granlund, G{\"o}sta and Nordberg, Klas and Wiklund, Johan and Doherty, Patrick and Skarman, Erik and S, Erik},
  year = {2000},
  annotation = {ITCE}
}

@article{Grigorescu.Petkov.ea:TIP:2002,
  title = {Comparison of Texture Features Based on {{Gabor}} Filters},
  author = {Grigorescu, S.E. and Petkov, N. and Kruizinga, P.},
  year = {2002},
  month = oct,
  volume = {11},
  pages = {1160--1167},
  issn = {1941-0042},
  doi = {10.1109/TIP.2002.804262},
  annotation = {TIP},
  journal = {IEEE Transactions on Image Processing},
  number = {10}
}

@article{Grigorescu.Petkov.ea:TIP:2003,
  title = {Contour Detection Based on Nonclassical Receptive Field Inhibition},
  author = {Grigorescu, C. and Petkov, N. and Westenberg, M. A.},
  year = {2003},
  month = jul,
  volume = {12},
  pages = {729--739},
  issn = {1941-0042},
  doi = {10.1109/TIP.2003.814250},
  annotation = {TIP},
  journal = {IEEE Transactions on Image Processing},
  number = {7}
}

@inproceedings{Hallman.Fowlkes:CVPR:2015,
  title = {Oriented Edge Forests for Boundary Detection},
  booktitle = {2015 {{IEEE Conference}} on {{Computer Vision}} and {{Pattern Recognition}} ({{CVPR}})},
  author = {Hallman, S. and Fowlkes, C. C.},
  year = {2015},
  month = jun,
  pages = {1732--1740},
  doi = {10.1109/CVPR.2015.7298782},
  annotation = {CVPR}
}

@article{Hamming:BSTJ:1950,
  title = {Error Detecting and Error Correcting Codes},
  author = {Hamming, R. W.},
  year = {1950},
  month = apr,
  volume = {29},
  pages = {147--160},
  issn = {0005-8580},
  doi = {10.1002/j.1538-7305.1950.tb00463.x},
  annotation = {BSTJ},
  journal = {The Bell System Technical Journal},
  number = {2}
}

@inproceedings{Hanbury:IA:2003,
  title = {A {{3D}}-{{Polar Coordinate Colour Representation Well Adapted}} to {{Image Analysis}}},
  booktitle = {Image {{Analysis}}},
  author = {Hanbury, Allan},
  editor = {Bigun, Josef and Gustavsson, Tomas},
  year = {2003},
  pages = {804--811},
  publisher = {{Springer}},
  address = {{Berlin, Heidelberg}},
  doi = {10.1007/3-540-45103-X_107},
  annotation = {IA},
  isbn = {978-3-540-45103-7},
  language = {en},
  series = {Lecture {{Notes}} in {{Computer Science}}}
}

@article{Haralick.Shanmugam.ea:TSMC:1973,
  title = {Textural {{Features}} for {{Image Classification}}},
  author = {Haralick, R. M. and Shanmugam, K. and Dinstein, I.},
  year = {1973},
  month = nov,
  volume = {SMC-3},
  pages = {610--621},
  issn = {2168-2909},
  doi = {10.1109/TSMC.1973.4309314},
  annotation = {TSMC},
  journal = {IEEE Transactions on Systems, Man, and Cybernetics},
  number = {6}
}

@article{Harmat.Trentini.ea:IROS:2015,
  title = {Multi-{{Camera Tracking}} and {{Mapping}} for {{Unmanned Aerial Vehicles}} in {{Unstructured Environments}}},
  author = {Harmat, Adam and Trentini, Michael and Sharf, Inna},
  year = {2015},
  month = may,
  volume = {78},
  pages = {291--317},
  issn = {0921-0296, 1573-0409},
  doi = {10.1007/s10846-014-0085-y},
  annotation = {IROS},
  journal = {Journal of Intelligent \& Robotic Systems},
  language = {en},
  number = {2}
}

@inproceedings{Harris.Stephens:AVC:1988,
  title = {A Combined Corner and Edge Detector},
  booktitle = {In {{Proc}}. of {{Fourth Alvey Vision Conference}}},
  author = {Harris, Chris and Stephens, Mike},
  year = {1988},
  pages = {147--151},
  annotation = {AVC}
}

@article{Hassner.Sklansky:CGIM:1980,
  title = {The Use of {{Markov Random Fields}} as Models of Texture},
  author = {Hassner, Martin and Sklansky, Jack},
  year = {1980},
  month = apr,
  volume = {12},
  pages = {357--370},
  issn = {0146-664X},
  doi = {10.1016/0146-664X(80)90019-2},
  annotation = {CGIM},
  journal = {Computer Graphics and Image Processing},
  language = {en},
  number = {4}
}

@book{Hering:Book:1878,
  title = {{Zur lehre vom lichtsinne}},
  author = {Hering, Ewald},
  year = {1878},
  publisher = {{C. Gerold's Sohn}},
  address = {{Hamburg}},
  annotation = {Book},
  language = {German}, 
  note = {{English translation: Outlines of a theory of the
light sense (translated by Hurvich, L.M. and Jameson, D.). Harvard University Press, Cambridge, Mass., USA, 1964}}
}

@inproceedings{Hrabar.Sukhatme:IROS:2004,
  title = {A Comparison of Two Camera Configurations for Optic-Flow Based Navigation of a {{UAV}} through Urban Canyons},
  booktitle = {International {{Conference}} on {{Intelligent Robots}} and {{Systems}} ({{IROS}})},
  author = {Hrabar, S. and Sukhatme, G. S.},
  year = {2004},
  month = sep,
  volume = {3},
  pages = {2673-2680 vol.3},
  doi = {10.1109/IROS.2004.1389812},
  annotation = {IROS}
}

@inproceedings{Huang:PMIS:2007,
  title = {Autonomy {{Levels}} for {{Unmanned Systems}} ({{ALFUS}}) {{Framework}}: {{Safety}} and {{Application Issues}}},
  booktitle = {Proceedings of the 2007 {{Workshop}} on {{Performance Metrics}} for {{Intelligent Systems}}},
  author = {Huang, Hui-Min},
  year = {2007},
  pages = {48--53},
  publisher = {{ACM}},
  address = {{Washington, D.C.}},
  doi = {10.1145/1660877.1660883},
  annotation = {PMIS},
  isbn = {978-1-59593-854-1},
  series = {{{PerMIS}} '07}
}

@incollection{Huang.Bachrach.ea:RobR:2017,
  title = {Visual {{Odometry}} and {{Mapping}} for {{Autonomous Flight Using}} an {{RGB}}-{{D Camera}}},
  booktitle = {Robotics {{Research}}},
  author = {Huang, Albert S. and Bachrach, Abraham and Henry, Peter and Krainin, Michael and Maturana, Daniel and Fox, Dieter and Roy, Nicholas},
  year = {2017},
  pages = {235--252},
  publisher = {{Springer, Cham}},
  annotation = {RobR},
  isbn = {978-3-319-29362-2 978-3-319-29363-9},
  language = {en},
  series = {Springer {{Tracts}} in {{Advanced Robotics}}}
}

@article{Hueckel:JACM:1971,
  title = {An {{Operator Which Locates Edges}} in {{Digitized Pictures}}},
  author = {Hueckel, Manfred H.},
  year = {1971},
  month = jan,
  volume = {18},
  pages = {113--125},
  issn = {0004-5411},
  doi = {10.1145/321623.321635},
  annotation = {JACM},
  journal = {Journal of the ACM},
  number = {1}
}

@article{Huh.Shim:IROS:2010,
  title = {A {{Vision}}-{{Based Automatic Landing Method}} for {{Fixed}}-{{Wing UAVs}}},
  author = {Huh, Sungsik and Shim, David Hyunchul},
  year = {2010},
  month = jan,
  volume = {57},
  pages = {217},
  issn = {0921-0296, 1573-0409},
  doi = {10.1007/s10846-009-9382-2},
  annotation = {IROS},
  journal = {Journal of Intelligent and Robotic Systems},
  language = {en},
  number = {1-4}
}

@article{Humeau-Heurtier:IEEEAccess:2019,
  title = {Texture {{Feature Extraction Methods}}: {{A Survey}}},
  shorttitle = {Texture {{Feature Extraction Methods}}},
  author = {{Humeau-Heurtier}, A.},
  year = {2019},
  volume = {7},
  pages = {8975--9000},
  issn = {2169-3536},
  doi = {10.1109/ACCESS.2018.2890743},
  annotation = {IEEEAccess},
  journal = {IEEE Access}
}

@misc{Internest:WebPage:,
  title = {Autonomous Flights in Complex Environments},
  author = {{Internest}},
  annotation = {WebPage},
  howpublished = {http://internest.fr/fr/}
}

@inproceedings{Isola.Zoran.ea:ECCV:2014,
  title = {Crisp {{Boundary Detection Using Pointwise Mutual Information}}},
  booktitle = {Computer {{Vision}} \textendash{} {{ECCV}} 2014},
  author = {Isola, Phillip and Zoran, Daniel and Krishnan, Dilip and Adelson, Edward H.},
  editor = {Fleet, David and Pajdla, Tomas and Schiele, Bernt and Tuytelaars, Tinne},
  year = {2014},
  pages = {799--814},
  publisher = {{Springer International Publishing}},
  address = {{Cham}},
  doi = {10.1007/978-3-319-10578-9_52},
  annotation = {ECCV},
  isbn = {978-3-319-10578-9},
  language = {en},
  series = {Lecture {{Notes}} in {{Computer Science}}}
}

@article{Jain.Farrokhnia:IJPR:1991,
  title = {Unsupervised Texture Segmentation Using {{Gabor}} Filters},
  author = {Jain, Anil K. and Farrokhnia, Farshid},
  year = {1991},
  month = jan,
  volume = {24},
  pages = {1167--1186},
  issn = {0031-3203},
  doi = {10.1016/0031-3203(91)90143-S},
  annotation = {IJPR},
  journal = {Pattern Recognition},
  language = {en},
  number = {12}
}

@article{Jain.Healey:TIP:1998,
  title = {A Multiscale Representation Including Opponent Color Features for Texture Recognition},
  author = {Jain, A. and Healey, G.},
  year = {1998},
  month = jan,
  volume = {7},
  pages = {124--128},
  issn = {1941-0042},
  doi = {10.1109/83.650858},
  annotation = {TIP},
  journal = {IEEE Transactions on Image Processing},
  number = {1}
}

@inproceedings{Jeulin:ISMM:2015,
  title = {Probabilistic {{Hierarchical Morphological Segmentation}} of {{Textures}}},
  booktitle = {Mathematical {{Morphology}} and {{Its Applications}} to {{Signal}} and {{Image Processing}}},
  author = {Jeulin, Dominique},
  year = {2015},
  month = may,
  pages = {313--324},
  publisher = {{Springer, Cham}},
  doi = {10.1007/978-3-319-18720-4_27},
  annotation = {ISMM},
  isbn = {978-3-319-18719-8 978-3-319-18720-4},
  language = {en},
  series = {Lecture {{Notes}} in {{Computer Science}}}
}

@article{JianboShi.Malik:PAMI:2000,
  title = {Normalized Cuts and Image Segmentation},
  author = {{Jianbo Shi} and Malik, J.},
  year = {2000},
  month = aug,
  volume = {22},
  pages = {888--905},
  issn = {1939-3539},
  doi = {10.1109/34.868688},
  annotation = {PAMI},
  journal = {IEEE Transactions on Pattern Analysis and Machine Intelligence},
  number = {8}
}

@article{Jin.Favaro.ea:VC:2003,
  title = {A Semi-Direct Approach to Structure from Motion},
  author = {Jin, Hailin and Favaro, Paolo and Soatto, Stefano},
  year = {2003},
  month = oct,
  volume = {19},
  pages = {377--394},
  issn = {0178-2789, 1432-2315},
  doi = {10.1007/s00371-003-0202-6},
  annotation = {VC},
  journal = {The Visual Computer},
  language = {en},
  number = {6}
}

@inproceedings{Johnson.Montgomery.ea:ICRA:2005,
  title = {Vision {{Guided Landing}} of an {{Autonomous Helicopter}} in {{Hazardous Terrain}}},
  booktitle = {Proceedings of the 2005 {{IEEE International Conference}} on {{Robotics}} and {{Automation}}},
  author = {Johnson, A. and Montgomery, J. and Matthies, L.},
  year = {2005},
  month = apr,
  pages = {3966--3971},
  doi = {10.1109/ROBOT.2005.1570727},
  annotation = {ICRA}
}

@inproceedings{Kaaniche.Champion.ea:ICRA:2005,
  title = {A {{Vision Algorithm}} for {{Dynamic Detection}} of {{Moving Vehicles}} with a {{UAV}}},
  booktitle = {Proceedings of the 2005 {{IEEE International Conference}} on {{Robotics}} and {{Automation}}},
  author = {Kaaniche, K. and Champion, B. and Pegard, C. and Vasseur, P.},
  year = {2005},
  month = apr,
  pages = {1878--1883},
  doi = {10.1109/ROBOT.2005.1570387},
  annotation = {ICRA}
}

@article{Kanellakis.Nikolakopoulos:IROS:2017,
  title = {Survey on {{Computer Vision}} for {{UAVs}}: {{Current Developments}} and {{Trends}}},
  shorttitle = {Survey on {{Computer Vision}} for {{UAVs}}},
  author = {Kanellakis, Christoforos and Nikolakopoulos, George},
  year = {2017},
  month = jul,
  volume = {87},
  pages = {141--168},
  issn = {0921-0296, 1573-0409},
  doi = {10.1007/s10846-017-0483-z},
  annotation = {IROS},
  journal = {Journal of Intelligent \& Robotic Systems},
  language = {en},
  number = {1}
}

@article{Kantorovich:JMS:2006,
  title = {On a {{Problem}} of {{Monge}}},
  author = {Kantorovich, L. V.},
  year = {2006},
  month = mar,
  volume = {133},
  pages = {1383--1383},
  issn = {1573-8795},
  doi = {10.1007/s10958-006-0050-9},
  annotation = {JMS},
  journal = {Journal of Mathematical Sciences},
  language = {en},
  number = {4}
}

@article{Kay.Regier:PNAS:2003,
  title = {Resolving the Question of Color Naming Universals},
  author = {Kay, Paul and Regier, Terry},
  year = {2003},
  month = jul,
  volume = {100},
  pages = {9085--9089},
  issn = {0027-8424, 1091-6490},
  doi = {10.1073/pnas.1532837100},
  annotation = {PNAS},
  copyright = {Copyright \textcopyright{} 2003, The National Academy of  Sciences},
  journal = {Proceedings of the National Academy of Sciences},
  language = {en},
  number = {15}
}

@article{Keller.Chen.ea:CVGIP:1989,
  title = {Texture Description and Segmentation through Fractal Geometry},
  author = {Keller, James M and Chen, Susan and Crownover, Richard M},
  year = {1989},
  month = feb,
  volume = {45},
  pages = {150--166},
  issn = {0734-189X},
  doi = {10.1016/0734-189X(89)90130-8},
  annotation = {CVGIP},
  journal = {Computer Vision, Graphics, and Image Processing},
  language = {en},
  number = {2}
}

@article{Kerr:Online:2003,
  title = {Chromaticity and {{Chrominance}} in Color Definition},
  author = {Kerr, Douglas A},
  year = {2003},
  pages = {1--4},
  annotation = {Online},
  number = {3}
}

@article{Khamsi:JFPTA:2015,
  title = {Generalized Metric Spaces: {{A}} Survey},
  shorttitle = {Generalized Metric Spaces},
  author = {Khamsi, M. A.},
  year = {2015},
  month = sep,
  volume = {17},
  pages = {455--475},
  issn = {1661-7746},
  doi = {10.1007/s11784-015-0232-5},
  annotation = {JFPTA},
  journal = {Journal of Fixed Point Theory and Applications},
  language = {en},
  number = {3}
}

@inproceedings{Kivinen.Williams.ea:PMLR:2014,
  title = {Visual {{Boundary Prediction}}: {{A Deep Neural Prediction Network}} and {{Quality Dissection}}},
  shorttitle = {Visual {{Boundary Prediction}}},
  booktitle = {Artificial {{Intelligence}} and {{Statistics}}},
  author = {Kivinen, Jyri and Williams, Chris and Heess, Nicolas},
  year = {2014},
  month = apr,
  pages = {512--521},
  publisher = {{PMLR}},
  annotation = {PMLR},
  language = {en}
}

@inproceedings{Klein.Frintrop:CV:2011,
  title = {Center-Surround Divergence of Feature Statistics for Salient Object Detection},
  booktitle = {2011 {{International Conference}} on {{Computer Vision}}},
  author = {Klein, D. A. and Frintrop, S.},
  year = {2011},
  month = nov,
  pages = {2214--2219},
  doi = {10.1109/ICCV.2011.6126499},
  annotation = {CV}
}

@inproceedings{Klein.Murray:ISMAR:2007,
  title = {Parallel {{Tracking}} and {{Mapping}} for {{Small AR Workspaces}}},
  booktitle = {2007 6th {{IEEE}} and {{ACM International Symposium}} on {{Mixed}} and {{Augmented Reality}}},
  author = {Klein, G. and Murray, D.},
  year = {2007},
  month = nov,
  pages = {225--234},
  doi = {10.1109/ISMAR.2007.4538852},
  annotation = {ISMAR}
}

@article{Koenderink:BC:1984,
  title = {The Structure of Images},
  author = {Koenderink, Jan J.},
  year = {1984},
  month = aug,
  volume = {50},
  pages = {363--370},
  issn = {1432-0770},
  doi = {10.1007/BF00336961},
  annotation = {BC},
  journal = {Biological Cybernetics},
  language = {en},
  number = {5}
}

@article{Kruizinga.Petkov:TIP:1999,
  title = {Nonlinear Operator for Oriented Texture},
  author = {Kruizinga, P. and Petkov, N.},
  year = {1999},
  month = oct,
  volume = {8},
  pages = {1395--1407},
  issn = {1941-0042},
  doi = {10.1109/83.791965},
  annotation = {TIP},
  journal = {IEEE Transactions on Image Processing},
  number = {10}
}

@article{Kruskal:Psycho:1964,
  title = {Nonmetric Multidimensional Scaling: {{A}} Numerical Method},
  shorttitle = {Nonmetric Multidimensional Scaling},
  author = {Kruskal, J. B.},
  year = {1964},
  month = jun,
  volume = {29},
  pages = {115--129},
  issn = {1860-0980},
  doi = {10.1007/BF02289694},
  annotation = {Psycho},
  journal = {Psychometrika},
  language = {en},
  number = {2}
}

@article{Kullback.Leibler:IMS:1951,
  title = {On {{Information}} and {{Sufficiency}}},
  author = {Kullback, S. and Leibler, R. A.},
  year = {1951},
  month = mar,
  volume = {22},
  pages = {79--86},
  issn = {0003-4851, 2168-8990},
  doi = {10.1214/aoms/1177729694},
  annotation = {IMS},
  journal = {The Annals of Mathematical Statistics},
  language = {EN},
  number = {1}
}

@inproceedings{Kwitt.Uhl:ICIP:2008,
  title = {Image Similarity Measurement by {{Kullback}}-{{Leibler}} Divergences between Complex Wavelet Subband Statistics for Texture Retrieval},
  booktitle = {2008 15th {{IEEE International Conference}} on {{Image Processing}}},
  author = {Kwitt, R. and Uhl, A.},
  year = {2008},
  month = oct,
  pages = {933--936},
  doi = {10.1109/ICIP.2008.4711909},
  annotation = {ICIP}
}

@techreport{Kylberg:Dataset:2011,
  title = {The {{Kylberg Texture Dataset}} v. 1.0},
  author = {Kylberg, Gustaf},
  year = {2011},
  month = sep,
  institution = {{Centre for Image Analysis, Swedish University of Agricultural Sciences and Uppsala University, Uppsala, Sweden}},
  annotation = {Dataset},
  number = {35},
  type = {External Report ({{Blue}} Series)}
}

@inproceedings{Lacroix.Caballero:IROS:2006,
  title = {Autonomous Detection of Safe Landing Areas for an {{UAV}} from Monocular Images},
  booktitle = {In {{IEEE}}/{{RSJ International Conference}} on {{Intelligent Robots}} and {{Systems}}},
  author = {Lacroix, Simon and Caballero, Fernando},
  year = {2006},
  annotation = {IROS}
}

@inproceedings{Laiacker.Kondak.ea:IROS:2013,
  title = {Vision Aided Automatic Landing System for Fixed Wing {{UAV}}},
  booktitle = {{{IEEE}}/{{RSJ International Conference}} on {{Intelligent Robots}} and {{Systems}}},
  author = {Laiacker, M. and Kondak, K. and Schwarzbach, M. and Muskardin, T.},
  year = {2013},
  month = nov,
  pages = {2971--2976},
  doi = {10.1109/IROS.2013.6696777},
  annotation = {IROS}
}

@article{Laine.Fan:ConferenceName:IEEETransactionsonPatternAnalysisandMachineIntelligence:1993,
  title = {Texture Classification by Wavelet Packet Signatures},
  author = {Laine, A. and Fan, J.},
  year = {1993},
  month = nov,
  volume = {15},
  pages = {1186--1191},
  issn = {1939-3539},
  doi = {10.1109/34.244679},
  journal = {IEEE Transactions on Pattern Analysis and Machine Intelligence},
  number = {11}
}

@inproceedings{Lange.Sunderhauf.ea:SIMPAR:2008,
  title = {Autonomous {{Landing}} for a {{Multirotor UAV Using Vision}}},
  booktitle = {In {{SIMPAR}} 2008 {{Intl}}. {{Conf}}. on {{Simulation}}, {{Modeling}} and {{Programming}} for {{Autonomous Robots}}},
  author = {Lange, Sven and S{\"u}nderhauf, Niko and Protzel, Peter},
  year = {2008},
  pages = {482--491},
  annotation = {SIMPAR}
}

@inproceedings{Laws:IPMG:1980,
  title = {Rapid {{Texture Identification}}},
  booktitle = {Image {{Processing}} for {{Missile Guidance}}},
  author = {Laws, Kenneth I.},
  year = {1980},
  month = dec,
  volume = {0238},
  pages = {376--381},
  publisher = {{International Society for Optics and Photonics}},
  doi = {10.1117/12.959169},
  annotation = {IPMG}
}

@inproceedings{Laws:IUW:1979,
  title = {Texture Energy Measures},
  booktitle = {Proc. {{Image}} Understanding Workshop},
  author = {Laws, Kenneth I},
  year = {1979},
  pages = {47--51},
  annotation = {IUW}
}

@techreport{Laws:Report:1980,
  title = {Textured Image Segmentation},
  author = {Laws, Kenneth I},
  year = {1980},
  institution = {{University of Southern California Los Angeles Image Processing INST}},
  annotation = {Report}
}

@article{Lee:PAMI:1996,
  title = {Image {{Representation Using 2D Gabor Wavelets}}},
  author = {Lee, Tai Sing},
  year = {1996},
  month = oct,
  volume = {18},
  pages = {959--971},
  issn = {0162-8828},
  doi = {10.1109/34.541406},
  annotation = {PAMI},
  journal = {IEEE Trans. Pattern Anal. Mach. Intell.},
  number = {10}
}

@inproceedings{Lee.Wang.ea:IRC:2017,
  title = {Real-{{Time}}, {{Cloud}}-{{Based Object Detection}} for {{Unmanned Aerial Vehicles}}},
  booktitle = {2017 {{First IEEE International Conference}} on {{Robotic Computing}} ({{IRC}})},
  author = {Lee, J. and Wang, J. and Crandall, D. and {\v S}abanovi{\'c}, S. and Fox, G.},
  year = {2017},
  month = apr,
  pages = {36--43},
  doi = {10.1109/IRC.2017.77},
  annotation = {IRC}
}

@article{Leow.Li:CVIU:2004,
  title = {The Analysis and Applications of Adaptive-Binning Color Histograms},
  author = {Leow, Wee Kheng and Li, Rui},
  year = {2004},
  month = apr,
  volume = {94},
  pages = {67--91},
  issn = {1077-3142},
  doi = {10.1016/j.cviu.2003.10.010},
  annotation = {CVIU},
  journal = {Computer Vision and Image Understanding},
  number = {1},
  series = {Special {{Issue}}: {{Colour}} for {{Image Indexing}} and {{Retrieval}}}
}

@inproceedings{Leung.Malik:ECCV:1998,
  title = {Contour Continuity in Region Based Image Segmentation},
  booktitle = {Computer {{Vision}} \textemdash{} {{ECCV}}'98},
  author = {Leung, Thomas and Malik, Jitendra},
  editor = {Burkhardt, Hans and Neumann, Bernd},
  year = {1998},
  pages = {544--559},
  publisher = {{Springer}},
  address = {{Berlin, Heidelberg}},
  doi = {10.1007/BFb0055689},
  annotation = {ECCV},
  isbn = {978-3-540-69354-3},
  language = {en},
  series = {Lecture {{Notes}} in {{Computer Science}}}
}

@article{Leung.Malik:IJCV:2001,
  title = {Representing and {{Recognizing}} the {{Visual Appearance}} of {{Materials}} Using {{Three}}-Dimensional {{Textons}}},
  author = {Leung, Thomas and Malik, Jitendra},
  year = {2001},
  month = jun,
  volume = {43},
  pages = {29--44},
  issn = {1573-1405},
  doi = {10.1023/A:1011126920638},
  annotation = {IJCV},
  journal = {International Journal of Computer Vision},
  language = {en},
  number = {1}
}

@article{Li.Lee:ICPR:1993,
  title = {Minimum Cross Entropy Thresholding},
  author = {Li, C. H. and Lee, C. K.},
  year = {1993},
  month = apr,
  volume = {26},
  pages = {617--625},
  issn = {0031-3203},
  doi = {10.1016/0031-3203(93)90115-D},
  annotation = {ICPR},
  journal = {Pattern Recognition},
  number = {4}
}

@inproceedings{Li.Ye.ea:IROS:2016,
  title = {Multi-Target Detection and Tracking from a Single Camera in {{Unmanned Aerial Vehicles}} ({{UAVs}})},
  booktitle = {{{IEEE}}/{{RSJ International Conference}} on {{Intelligent Robots}} and {{Systems}} ({{IROS}})},
  author = {Li, J. and Ye, D. H. and Chung, T. and Kolsch, M. and Wachs, J. and Bouman, C.},
  year = {2016},
  month = oct,
  pages = {4992--4997},
  doi = {10.1109/IROS.2016.7759733},
  annotation = {IROS}
}

@inproceedings{Lim.Zitnick.ea:CVPR:2013,
  title = {Sketch {{Tokens}}: {{A Learned Mid}}-Level {{Representation}} for {{Contour}} and {{Object Detection}}},
  shorttitle = {Sketch {{Tokens}}},
  booktitle = {2013 {{IEEE Conference}} on {{Computer Vision}} and {{Pattern Recognition}}},
  author = {Lim, J. J. and Zitnick, C. L. and Doll{\'a}r, P.},
  year = {2013},
  month = jun,
  pages = {3158--3165},
  doi = {10.1109/CVPR.2013.406},
  annotation = {CVPR}
}

@inproceedings{Lin.Maji:CVPR:2016,
  title = {Visualizing and {{Understanding Deep Texture Representations}}},
  booktitle = {2016 {{IEEE Conference}} on {{Computer Vision}} and {{Pattern Recognition}} ({{CVPR}})},
  author = {Lin, T. and Maji, S.},
  year = {2016},
  month = jun,
  pages = {2791--2799},
  doi = {10.1109/CVPR.2016.305},
  annotation = {CVPR}
}

@article{Liu.Guo.ea:IS:2017,
  title = {Fusion of Color Histogram and {{LBP}}-Based Features for Texture Image Retrieval and Classification},
  author = {Liu, Peizhong and Guo, Jing-Ming and Chamnongthai, Kosin and Prasetyo, Heri},
  year = {2017},
  month = jun,
  volume = {390},
  pages = {95--111},
  issn = {0020-0255},
  doi = {10.1016/j.ins.2017.01.025},
  annotation = {IS},
  journal = {Information Sciences}
}

@inproceedings{Liu.Koga.ea:ICDAR:2005,
  title = {Gabor Feature Extraction for Character Recognition: Comparison with Gradient Feature},
  shorttitle = {Gabor Feature Extraction for Character Recognition},
  booktitle = {Eighth {{International Conference}} on {{Document Analysis}} and {{Recognition}} ({{ICDAR}}'05)},
  author = {Liu, C.-L. and Koga, M. and Fujisawa, H.},
  year = {2005},
  month = aug,
  pages = {121-125 Vol. 1},
  doi = {10.1109/ICDAR.2005.119},
  annotation = {ICDAR}
}

@article{Lovegrove.Davison.ea:IVS:2011,
  title = {Accurate Visual Odometry from a Rear Parking Camera},
  author = {Lovegrove, Steven and Davison, Andrew J. and Guzman, Javier Ibanez},
  year = {2011},
  pages = {788--793},
  annotation = {IVS},
  journal = {2011 IEEE Intelligent Vehicles Symposium (IV)}
}

@inproceedings{Lowe:ICCV:1999,
  title = {Object Recognition from Local Scale-Invariant Features},
  booktitle = {Proceedings of the {{Seventh IEEE International Conference}} on {{Computer Vision}}},
  author = {Lowe, D. G.},
  year = {1999},
  volume = {2},
  pages = {1150-1157 vol.2},
  doi = {10.1109/ICCV.1999.790410},
  annotation = {ICCV}
}

@article{Lu.Chen.ea:IJAIT:2004,
  title = {Multivariate Spatial Outlier Detection},
  author = {Lu, Chang-Tien and Chen, Dechang and Kou, Yufeng},
  year = {2004},
  month = dec,
  volume = {13},
  pages = {801--811},
  issn = {0218-2130},
  doi = {10.1142/S021821300400182X},
  annotation = {IJAIT},
  journal = {International Journal on Artificial Intelligence Tools},
  number = {04}
}

@article{Lu.Fu:CGIP:1978,
  title = {A Syntactic Approach to Texture Analysis},
  author = {Lu, S. Y. and Fu, K. S.},
  year = {1978},
  month = jun,
  volume = {7},
  pages = {303--330},
  issn = {0146-664X},
  doi = {10.1016/S0146-664X(78)80001-X},
  annotation = {CGIP},
  journal = {Computer Graphics and Image Processing},
  language = {en},
  number = {3}
}

@article{Lu.Xue.ea:GSIS:2018,
  title = {A Survey on Vision-Based {{UAV}} Navigation},
  author = {Lu, Yuncheng and Xue, Zhucun and Xia, Gui-Song and Zhang, Liangpei},
  year = {2018},
  month = jan,
  volume = {21},
  pages = {21--32},
  issn = {1009-5020},
  doi = {10.1080/10095020.2017.1420509},
  annotation = {GSIS},
  journal = {Geo-spatial Information Science},
  number = {1}
}

@inproceedings{Lukashevich.Sadykhov:ICPCI:2012,
  title = {Texture Analysis: {{Algorithm}} for Texture Features Computation},
  shorttitle = {Texture Analysis},
  booktitle = {2012 {{IV International Conference}} "{{Problems}} of {{Cybernetics}} and {{Informatics}}" ({{PCI}})},
  author = {Lukashevich, M. and Sadykhov, R.},
  year = {2012},
  month = sep,
  pages = {1--3},
  doi = {10.1109/ICPCI.2012.6486307},
  annotation = {ICPCI}
}

@article{Machairas.Faessel.ea:IP:2015,
  title = {Waterpixels},
  author = {Machairas, V. and Faessel, M. and {C{\'a}rdenas-Pe{\~n}a}, D. and Chabardes, T. and Walter, T. and Decenci{\`e}re, E.},
  year = {2015},
  month = nov,
  volume = {24},
  pages = {3707--3716},
  issn = {1941-0042},
  doi = {10.1109/TIP.2015.2451011},
  annotation = {IP},
  journal = {IEEE Transactions on Image Processing},
  number = {11}
}

@article{Maenpaa.Pietikainen:PR:2004,
  title = {Classification with Color and Texture: Jointly or Separately?},
  shorttitle = {Classification with Color and Texture},
  author = {M{\"a}enp{\"a}{\"a}, Topi and Pietik{\"a}inen, Matti},
  year = {2004},
  month = aug,
  volume = {37},
  pages = {1629--1640},
  issn = {0031-3203},
  doi = {10.1016/j.patcog.2003.11.011},
  annotation = {PR},
  journal = {Pattern Recognition},
  language = {en},
  number = {8}
}

@inproceedings{Mairal.Leordeanu.ea:ECCV:2008,
  title = {Discriminative {{Sparse Image Models}} for {{Class}}-{{Specific Edge Detection}} and {{Image Interpretation}}},
  booktitle = {Computer {{Vision}} \textendash{} {{ECCV}} 2008},
  author = {Mairal, Julien and Leordeanu, Marius and Bach, Francis and Hebert, Martial and Ponce, Jean},
  editor = {Forsyth, David and Torr, Philip and Zisserman, Andrew},
  year = {2008},
  pages = {43--56},
  publisher = {{Springer}},
  address = {{Berlin, Heidelberg}},
  doi = {10.1007/978-3-540-88690-7_4},
  annotation = {ECCV},
  isbn = {978-3-540-88690-7},
  language = {en},
  series = {Lecture {{Notes}} in {{Computer Science}}}
}

@inproceedings{Maire.Arbelaez.ea:CVPR:2008,
  title = {Using Contours to Detect and Localize Junctions in Natural Images},
  booktitle = {2008 {{IEEE Conference}} on {{Computer Vision}} and {{Pattern Recognition}}},
  author = {Maire, M. and Arbelaez, P. and Fowlkes, C. and Malik, J.},
  year = {2008},
  month = jun,
  pages = {1--8},
  doi = {10.1109/CVPR.2008.4587420},
  annotation = {CVPR}
}

@article{Maire.Yu.ea:ACCV:2014,
  title = {Reconstructive {{Sparse Code Transfer}} for {{Contour Detection}} and {{Semantic Labeling}}},
  author = {Maire, Michael and Yu, Stella X. and Perona, Pietro},
  year = {2014},
  month = oct,
  annotation = {ACCV},
  archiveprefix = {arXiv},
  eprint = {1410.4521},
  eprinttype = {arxiv},
  journal = {arXiv:1410.4521 [cs]},
  primaryclass = {cs}
}

@incollection{Maitre:Book:2003,
  title = {{La d\'etection des contours dans les images}},
  booktitle = {{Le traitement des images}},
  author = {Ma{\^i}tre, Henri},
  year = {2003},
  month = aug,
  pages = {366 p.},
  publisher = {{Hermes Science Publications}},
  annotation = {Book},
  isbn = {2-7462-0584-X},
  language = {fr},
  series = {{Traitement du signal}}
}

@inproceedings{Malik.Belongie.ea:ICCV:1999,
  title = {Textons, {{Contours}} and {{Regions}}: {{Cue Integration}} in {{Image Segmentation}}},
  shorttitle = {Textons, {{Contours}} and {{Regions}}},
  booktitle = {Proceedings of the {{International Conference}} on {{Computer Vision}}-{{Volume}} 2 - {{Volume}} 2},
  author = {Malik, Jitendra and Belongie, Serge and Shi, Jianbo and Leung, Thomas},
  year = {1999},
  month = sep,
  pages = {918},
  publisher = {{IEEE Computer Society}},
  address = {{USA}},
  annotation = {ICCV},
  isbn = {978-0-7695-0164-2},
  series = {{{ICCV}} '99}
}

@article{Malik.Belongie.ea:IJCV:2001,
  title = {Contour and {{Texture Analysis}} for {{Image Segmentation}}},
  author = {Malik, Jitendra and Belongie, Serge and Leung, Thomas and Shi, Jianbo},
  year = {2001},
  month = jun,
  volume = {43},
  pages = {7--27},
  issn = {1573-1405},
  doi = {10.1023/A:1011174803800},
  annotation = {IJCV},
  journal = {International Journal of Computer Vision},
  language = {en},
  number = {1}
}

@inproceedings{Maninis.Pont-Tuset.ea:ECCV:2016,
  title = {Convolutional {{Oriented Boundaries}}},
  booktitle = {Computer {{Vision}} \textendash{} {{ECCV}} 2016},
  author = {Maninis, Kevis-Kokitsi and {Pont-Tuset}, Jordi and Arbel{\'a}ez, Pablo and Van Gool, Luc},
  editor = {Leibe, Bastian and Matas, Jiri and Sebe, Nicu and Welling, Max},
  year = {2016},
  pages = {580--596},
  publisher = {{Springer International Publishing}},
  address = {{Cham}},
  doi = {10.1007/978-3-319-46448-0_35},
  annotation = {ECCV},
  isbn = {978-3-319-46448-0},
  language = {en},
  series = {Lecture {{Notes}} in {{Computer Science}}}
}

@article{Maninis.Pont-Tuset.ea:PAMI:2018,
  title = {Convolutional {{Oriented Boundaries}}: {{From Image Segmentation}} to {{High}}-{{Level Tasks}}},
  shorttitle = {Convolutional {{Oriented Boundaries}}},
  author = {Maninis, K. and {Pont-Tuset}, J. and Arbel{\'a}ez, P. and Gool, L. Van},
  year = {2018},
  month = apr,
  volume = {40},
  pages = {819--833},
  issn = {1939-3539},
  doi = {10.1109/TPAMI.2017.2700300},
  annotation = {PAMI},
  journal = {IEEE Transactions on Pattern Analysis and Machine Intelligence},
  number = {4}
}

@article{Marianandam.Ghose:IFAC:2014,
  title = {Vision {{Based Alignment}} to {{Runway}} during {{Approach}} for {{Landing}} of {{Fixed}} Wing {{UAVs}}},
  author = {Marianandam, Peter Arun and Ghose, D},
  year = {2014},
  month = jan,
  volume = {47},
  pages = {470--476},
  issn = {1474-6670},
  doi = {10.3182/20140313-3-IN-3024.00197},
  annotation = {IFAC},
  journal = {IFAC Proceedings Volumes},
  number = {1},
  series = {3rd {{International Conference}} on {{Advances}} in {{Control}} and {{Optimization}} of {{Dynamical Systems}} (2014)}
}

@article{Marr.Hildreth:PRS:1980,
  title = {Theory of Edge Detection},
  author = {Marr, D. and Hildreth, E.},
  year = {1980},
  month = feb,
  volume = {207},
  pages = {187--217},
  issn = {0080-4649, 2053-9193},
  doi = {10.1098/rspb.1980.0020},
  annotation = {PRS},
  copyright = {Scanned images copyright \textcopyright{} 2017, Royal Society},
  journal = {Proc. R. Soc. Lond. B},
  language = {en},
  number = {1167}
}

@inproceedings{Martin.Fowlkes.ea:ICCV:2001,
  title = {A Database of Human Segmented Natural Images and Its Application to Evaluating Segmentation Algorithms and Measuring Ecological Statistics},
  booktitle = {Proceedings {{Eighth IEEE International Conference}} on {{Computer Vision}}. {{ICCV}} 2001},
  author = {Martin, D. and Fowlkes, C. and Tal, D. and Malik, J.},
  year = {2001},
  month = jul,
  volume = {2},
  pages = {416-423 vol.2},
  doi = {10.1109/ICCV.2001.937655},
  annotation = {ICCV}
}

@inproceedings{Martin.Fowlkes.ea:NIPS:2002,
  title = {Learning to Detect Natural Image Boundaries Using Brightness and Texture},
  booktitle = {Proceedings of the 15th {{International Conference}} on {{Neural Information Processing Systems}}},
  author = {Martin, David R. and Fowlkes, Charless C. and Malik, Jitendra},
  year = {2002},
  month = jan,
  pages = {1279--1286},
  publisher = {{MIT Press}},
  address = {{Cambridge, MA, USA}},
  annotation = {NIPS},
  series = {{{NIPS}}'02}
}

@article{Martin.Fowlkes.ea:PAMI:2004,
  title = {Learning to Detect Natural Image Boundaries Using Local Brightness, Color, and Texture Cues},
  author = {Martin, D. R. and Fowlkes, C. C. and Malik, J.},
  year = {2004},
  month = may,
  volume = {26},
  pages = {530--549},
  issn = {1939-3539},
  doi = {10.1109/TPAMI.2004.1273918},
  annotation = {PAMI},
  journal = {IEEE Transactions on Pattern Analysis and Machine Intelligence},
  number = {5}
}

@techreport{Materka.Strzelecki:Report:1998,
  title = {Texture Analysis Methods \textendash{} a Review},
  author = {Materka, Andrzej and Strzelecki, Michal},
  year = {1998},
  institution = {{INSTITUTE OF ELECTRONICS, TECHNICAL UNIVERSITY OF LODZ}},
  annotation = {Report}
}

@inproceedings{Mathiassen.Skavhaug.ea:ECCV:2002,
  title = {Texture {{Similarity Measure Using Kullback}}-{{Leibler Divergence}} between {{Gamma Distributions}}},
  booktitle = {Computer {{Vision}} \textemdash{} {{ECCV}} 2002},
  author = {Mathiassen, John Reidar and Skavhaug, Amund and B{\o}, Ketil},
  editor = {Heyden, Anders and Sparr, Gunnar and Nielsen, Mads and Johansen, Peter},
  year = {2002},
  pages = {133--147},
  publisher = {{Springer}},
  address = {{Berlin, Heidelberg}},
  doi = {10.1007/3-540-47977-5_9},
  annotation = {ECCV},
  isbn = {978-3-540-47977-2},
  language = {en},
  series = {Lecture {{Notes}} in {{Computer Science}}}
}

@inproceedings{Meila:LTKM:2003,
  title = {Comparing {{Clusterings}} by the {{Variation}} of {{Information}}},
  booktitle = {Learning {{Theory}} and {{Kernel Machines}}},
  author = {Meil{\u a}, Marina},
  editor = {Sch{\"o}lkopf, Bernhard and Warmuth, Manfred K.},
  year = {2003},
  pages = {173--187},
  publisher = {{Springer}},
  address = {{Berlin, Heidelberg}},
  doi = {10.1007/978-3-540-45167-9_14},
  annotation = {LTKM},
  isbn = {978-3-540-45167-9},
  language = {en},
  series = {Lecture {{Notes}} in {{Computer Science}}}
}

@inproceedings{Meyer:ICIP:1992,
  title = {Color Image Segmentation},
  booktitle = {1992 {{International Conference}} on {{Image Processing}} and Its {{Applications}}},
  author = {Meyer, F.},
  year = {1992},
  month = apr,
  pages = {303--306},
  annotation = {ICIP}
}

@inproceedings{Miller.Shah.ea:ICRA:2008,
  title = {Landing a {{UAV}} on a Runway Using Image Registration},
  booktitle = {{{IEEE International Conference}} on {{Robotics}} and {{Automation}}},
  author = {Miller, A. and Shah, M. and Harper, D.},
  year = {2008},
  month = may,
  pages = {182--187},
  doi = {10.1109/ROBOT.2008.4543206},
  annotation = {ICRA}
}

@inproceedings{Molton.Davison.ea:BMVC:2004,
  title = {Locally {{Planar Patch Features}} for {{Real}}-{{Time Structure}} from {{Motion}}},
  booktitle = {Proc. {{British Machine Vision Conference}}},
  author = {Molton, N. D. and Davison, A. J. and Reid, I. D.},
  year = {2004},
  month = sep,
  publisher = {{BMVC}},
  annotation = {BMVC}
}

@inproceedings{Moreno-Armendariz.Calvo:ICMEAE:2014,
  title = {Visual {{SLAM}} and {{Obstacle Avoidance}} in {{Real Time}} for {{Mobile Robots Navigation}}},
  booktitle = {2014 {{International Conference}} on {{Mechatronics}}, {{Electronics}} and {{Automotive Engineering}}},
  author = {{Moreno-Armend{\'a}riz}, M. A. and Calvo, H.},
  year = {2014},
  month = nov,
  pages = {44--49},
  doi = {10.1109/ICMEAE.2014.12},
  annotation = {ICMEAE}
}

@article{Morrone.Burr.ea:RSL:1988,
  title = {Feature Detection in Human Vision: A Phase-Dependent Energy Model},
  shorttitle = {Feature Detection in Human Vision},
  author = {Morrone, M. C. and Burr, D. C. and Barlow, Horace Basil},
  year = {1988},
  month = dec,
  volume = {235},
  pages = {221--245},
  doi = {10.1098/rspb.1988.0073},
  annotation = {RSL},
  journal = {Proceedings of the Royal Society of London. Series B. Biological Sciences},
  number = {1280}
}

@article{Morrone.Owens:PR:1987,
  title = {Feature Detection from Local Energy},
  author = {Morrone, M. C. and Owens, R. A.},
  year = {1987},
  month = dec,
  volume = {6},
  pages = {303--313},
  issn = {0167-8655},
  doi = {10.1016/0167-8655(87)90013-4},
  annotation = {PR},
  journal = {Pattern Recognition Letters},
  language = {en},
  number = {5}
}

@incollection{Mosler:Springer:2013,
  title = {Depth {{Statistics}}},
  booktitle = {Robustness and {{Complex Data Structures}}},
  author = {Mosler, Karl},
  year = {2013},
  pages = {17--34},
  publisher = {{Springer, Berlin, Heidelberg}},
  annotation = {Springer},
  isbn = {978-3-642-35493-9 978-3-642-35494-6},
  language = {en}
}

@inproceedings{Moulon.Monasse.ea:ACCV:2012,
  title = {Adaptive {{Structure}} from {{Motion}} with a {{Contrario Model Estimation}}},
  booktitle = {Computer {{Vision}} \textendash{} {{ACCV}} 2012},
  author = {Moulon, Pierre and Monasse, Pascal and Marlet, Renaud},
  year = {2012},
  month = nov,
  pages = {257--270},
  publisher = {{Springer, Berlin, Heidelberg}},
  doi = {10.1007/978-3-642-37447-0_20},
  annotation = {ACCV},
  isbn = {978-3-642-37446-3 978-3-642-37447-0},
  language = {en},
  series = {Lecture {{Notes}} in {{Computer Science}}}
}

@article{Mumford.Shah:CPAM:1989,
  title = {Optimal Approximations by Piecewise Smooth Functions and Associated Variational Problems},
  author = {Mumford, David and Shah, Jayant},
  year = {1989},
  month = jul,
  volume = {42},
  pages = {577--685},
  issn = {1097-0312},
  doi = {10.1002/cpa.3160420503},
  annotation = {CPAM},
  journal = {Communications on Pure and Applied Mathematics},
  language = {en},
  number = {5}
}

@inproceedings{Naimark.Foxlin:ISMAR:2002,
  title = {Circular Data Matrix Fiducial System and Robust Image Processing for a Wearable Vision-Inertial Self-Tracker},
  booktitle = {Proceedings. {{International Symposium}} on {{Mixed}} and {{Augmented Reality}}},
  author = {Naimark, L. and Foxlin, E.},
  year = {2002},
  month = oct,
  pages = {27--36},
  doi = {10.1109/ISMAR.2002.1115065},
  annotation = {ISMAR}
}

@article{Najman.Schmitt:PAMI:1996,
  title = {Geodesic Saliency of Watershed Contours and Hierarchical Segmentation},
  author = {Najman, L. and Schmitt, M.},
  year = {1996},
  month = dec,
  volume = {18},
  pages = {1163--1173},
  issn = {1939-3539},
  doi = {10.1109/34.546254},
  annotation = {PAMI},
  journal = {IEEE Transactions on Pattern Analysis and Machine Intelligence},
  number = {12}
}

@inproceedings{Nejhum.Ho.ea:CVPR:2008,
  title = {Visual Tracking with Histograms and Articulating Blocks},
  booktitle = {2008 {{IEEE Conference}} on {{Computer Vision}} and {{Pattern Recognition}}},
  author = {Nejhum, S. M. Shahed and Ho, J. and Yang, Ming-Hsuan},
  year = {2008},
  month = jun,
  pages = {1--8},
  doi = {10.1109/CVPR.2008.4587575},
  annotation = {CVPR}
}

@inproceedings{Neubert.Protzel:ICPR:2014,
  title = {Compact {{Watershed}} and {{Preemptive SLIC}}: {{On Improving Trade}}-Offs of {{Superpixel Segmentation Algorithms}}},
  shorttitle = {Compact {{Watershed}} and {{Preemptive SLIC}}},
  booktitle = {2014 22nd {{International Conference}} on {{Pattern Recognition}}},
  author = {Neubert, P. and Protzel, P.},
  year = {2014},
  month = aug,
  pages = {996--1001},
  doi = {10.1109/ICPR.2014.181},
  annotation = {ICPR}
}

@inproceedings{Newcombe.Lovegrove.ea:ICCV:2011,
  title = {{{DTAM}}: {{Dense}} Tracking and Mapping in Real-Time},
  shorttitle = {{{DTAM}}},
  booktitle = {2011 {{International Conference}} on {{Computer Vision}}},
  author = {Newcombe, R. A. and Lovegrove, S. J. and Davison, A. J.},
  year = {2011},
  month = nov,
  pages = {2320--2327},
  doi = {10.1109/ICCV.2011.6126513},
  annotation = {ICCV}
}

@book{Newton:Book:1704,
  title = {Opticks: A {{Treatise}} of the {{Reflections}}, {{Refractions}}, {{Inflections}}, and {{Colours}} of {{Light}}},
  author = {Newton, Isaac},
  year = {1704},
  annotation = {Book}
}

@inproceedings{Ng.Jordan.ea:NIPS:2001,
  title = {On Spectral Clustering: Analysis and an Algorithm},
  shorttitle = {On Spectral Clustering},
  booktitle = {Proceedings of the 14th {{International Conference}} on {{Neural Information Processing Systems}}: {{Natural}} and {{Synthetic}}},
  author = {Ng, Andrew Y. and Jordan, Michael I. and Weiss, Yair},
  year = {2001},
  month = jan,
  pages = {849--856},
  publisher = {{MIT Press}},
  address = {{Cambridge, MA, USA}},
  annotation = {NIPS},
  series = {{{NIPS}}'01}
}

@book{Niblack:ImageProcc:1986,
  title = {An {{Introduction}} to {{Digital Image Processing}}},
  author = {Niblack, Wayne},
  year = {1986},
  publisher = {{Prentice-Hall}},
  annotation = {ImageProcc},
  isbn = {978-0-13-480674-7},
  language = {en}
}

@book{Nonami.Kendoul.ea:AutonomFlightRobots:2010,
  title = {Autonomous {{Flying Robots}}: {{Unmanned Aerial Vehicles}} and {{Micro Aerial Vehicles}}},
  shorttitle = {Autonomous {{Flying Robots}}},
  author = {Nonami, Kenzo and Kendoul, Farid and Suzuki, Satoshi and Wang, Wei and Nakazawa, Daisuke},
  year = {2010},
  publisher = {{Springer Japan}},
  annotation = {AutonomFlightRobots},
  isbn = {978-4-431-53855-4},
  language = {en}
}

@article{Ojala.Pietikainen.ea:PR:1996,
  title = {A Comparative Study of Texture Measures with Classification Based on Featured Distributions},
  author = {Ojala, Timo and Pietik{\"a}inen, Matti and Harwood, David},
  year = {1996},
  month = jan,
  volume = {29},
  pages = {51--59},
  issn = {0031-3203},
  doi = {10.1016/0031-3203(95)00067-4},
  annotation = {PR},
  journal = {Pattern Recognition},
  language = {en},
  number = {1}
}

@inproceedings{OMahony.Campbell.ea:ACV:2020,
  title = {Deep {{Learning}} vs. {{Traditional Computer Vision}}},
  booktitle = {Advances in {{Computer Vision}}},
  author = {O'Mahony, Niall and Campbell, Sean and Carvalho, Anderson and Harapanahalli, Suman and Hernandez, Gustavo Velasco and Krpalkova, Lenka and Riordan, Daniel and Walsh, Joseph},
  editor = {Arai, Kohei and Kapoor, Supriya},
  year = {2020},
  pages = {128--144},
  publisher = {{Springer International Publishing}},
  address = {{Cham}},
  doi = {10.1007/978-3-030-17795-9_10},
  annotation = {ACV},
  isbn = {978-3-030-17795-9},
  language = {en},
  series = {Advances in {{Intelligent Systems}} and {{Computing}}}
}

@article{Omran.Engelbrecht.ea:IOS:2007,
  title = {An Overview of Clustering Methods},
  author = {Omran, Mahamed GH and Engelbrecht, Andries P and Salman, Ayed},
  year = {2007},
  volume = {11},
  pages = {583--605},
  annotation = {IOS},
  journal = {Intelligent Data Analysis},
  number = {6}
}

@article{Otsu:SMC:1979,
  title = {A {{Threshold Selection Method}} from {{Gray}}-{{Level Histograms}}},
  author = {Otsu, N.},
  year = {1979},
  month = jan,
  volume = {9},
  pages = {62--66},
  issn = {0018-9472},
  doi = {10.1109/TSMC.1979.4310076},
  annotation = {SMC},
  journal = {IEEE Transactions on Systems, Man, and Cybernetics},
  number = {1}
}

@article{Padhy.Xia.ea:TSC:2018,
  title = {Monocular {{Vision Aided Autonomous UAV Navigation}} in {{Indoor Corridor Environments}}},
  author = {Padhy, R. P. and Xia, F. and Choudhury, S. K. and Sa, P. K. and Bakshi, S.},
  year = {2018},
  pages = {1--1},
  doi = {10.1109/TSUSC.2018.2810952},
  annotation = {TSC},
  journal = {IEEE Transactions on Sustainable Computing}
}

@inproceedings{Palm.Keysers.ea:JCIS:2000,
  title = {Gabor Filtering of Complex Hue/Saturation Images for Color Texture Classification},
  booktitle = {Proc. {{JCIS}}},
  author = {Palm, Christoph and Keysers, Daniel and Lehmann, Thomas and Spitzer, Klaus},
  year = {2000},
  pages = {45--49},
  publisher = {{Citeseer}},
  annotation = {JCIS}
}

@article{Palm.Lehmann:MGV:2002,
  title = {Classification of Color Textures by {{Gabor}} Filtering},
  author = {Palm, Christoph and Lehmann, Thomas M.},
  year = {2002},
  month = sep,
  volume = {11},
  pages = {195--219},
  issn = {1230-0535},
  annotation = {MGV},
  journal = {Machine Graphics \& Vision International Journal},
  number = {2/3}
}

@misc{ParrotWeb,
  title = {{Site Officiel Parrot\textregistered}},
  howpublished = {https://www.parrot.com/fr/},
  journal = {Site Officiel Parrot\textregistered},
  language = {fr}
}

@inproceedings{Pele.Werman::2008,
  title = {A {{Linear Time Histogram Metric}} for {{Improved SIFT Matching}}},
  booktitle = {Computer {{Vision}} \textendash{} {{ECCV}} 2008},
  author = {Pele, Ofir and Werman, Michael},
  editor = {Forsyth, David and Torr, Philip and Zisserman, Andrew},
  year = {2008},
  pages = {495--508},
  publisher = {{Springer}},
  address = {{Berlin, Heidelberg}},
  doi = {10.1007/978-3-540-88690-7_37},
  isbn = {978-3-540-88690-7},
  language = {en},
  series = {Lecture {{Notes}} in {{Computer Science}}}
}

@article{Permuter.Francos.ea:PR:2006,
  title = {A Study of {{Gaussian}} Mixture Models of Color and Texture Features for Image Classification and Segmentation},
  author = {Permuter, Haim and Francos, Joseph and Jermyn, Ian},
  year = {2006},
  month = apr,
  volume = {39},
  pages = {695--706},
  issn = {0031-3203},
  doi = {10.1016/j.patcog.2005.10.028},
  annotation = {PR},
  journal = {Pattern Recognition},
  language = {en},
  number = {4},
  series = {Graph-Based {{Representations}}}
}

@article{Perret.Cousty.ea:TIP:2018,
  title = {Evaluation of {{Hierarchical Watersheds}}},
  author = {Perret, B. and Cousty, J. and Guimar{\~a}es, S. J. F. and Maia, D. S.},
  year = {2018},
  month = apr,
  volume = {27},
  pages = {1676--1688},
  issn = {1941-0042},
  doi = {10.1109/TIP.2017.2779604},
  annotation = {TIP},
  journal = {IEEE Transactions on Image Processing},
  number = {4}
}

@book{Petitot:Neurogeometrie:2008,
  title = {{Neurog\'eom\'etrie de la vision: mod\`eles math\'ematiques et physiques des architectures fonctionnelles}},
  shorttitle = {{Neurog\'eom\'etrie de la vision}},
  author = {Petitot, Jean},
  year = {2008},
  publisher = {{Editions Ecole Polytechnique}},
  annotation = {Neurogeometrie},
  isbn = {978-2-7302-1507-7},
  language = {fr}
}

@article{Petkov:FGCS:1995,
  title = {Biologically Motivated Computationally Intensive Approaches to Image Pattern Recognition},
  author = {Petkov, Nikolay},
  year = {1995},
  month = aug,
  volume = {11},
  pages = {451--465},
  issn = {0167-739X},
  doi = {10.1016/0167-739X(95)00015-K},
  annotation = {FGCS},
  journal = {Future Generation Computer Systems},
  language = {en},
  number = {4},
  series = {High {{Performance Computing}} and {{Networking}}}
}

@inproceedings{Petrolekas.Mitra:ISOP:1993,
  title = {Fractal Model for Digital Image Texture Analysis},
  booktitle = {Applications of {{Digital Image Processing XV}}},
  author = {Petrolekas, Michael G. and Mitra, Sunanda},
  year = {1993},
  month = jan,
  volume = {1771},
  pages = {292--298},
  publisher = {{International Society for Optics and Photonics}},
  doi = {10.1117/12.139073},
  annotation = {ISOP}
}

@book{Petrou.Sevilla:Book:2006,
  title = {Image {{Processing}}: {{Dealing}} with {{Texture}}},
  shorttitle = {Image {{Processing}}},
  author = {Petrou, Maria M. P. and Sevilla, Pedro Garcia},
  year = {2006},
  month = mar,
  publisher = {{Wiley}},
  annotation = {Book},
  isbn = {978-0-470-02628-1},
  language = {en}
}

@article{Peyre.Cuturi:arXiv:2018,
  title = {Computational {{Optimal Transport}}},
  author = {Peyr{\'e}, Gabriel and Cuturi, Marco},
  year = {2018},
  month = mar,
  annotation = {arXiv},
  archiveprefix = {arXiv},
  eprint = {1803.00567},
  eprinttype = {arxiv},
  journal = {arXiv:1803.00567 [stat]},
  primaryclass = {stat}
}

@article{Pont-Tuset.Arbelaez.ea:PAMI:2017,
  title = {Multiscale {{Combinatorial Grouping}} for {{Image Segmentation}} and {{Object Proposal Generation}}},
  author = {{Pont-Tuset}, J. and Arbel{\'a}ez, P. and Barron, J. T. and Marques, F. and Malik, J.},
  year = {2017},
  month = jan,
  volume = {39},
  pages = {128--140},
  issn = {1939-3539},
  doi = {10.1109/TPAMI.2016.2537320},
  annotation = {PAMI},
  journal = {IEEE Transactions on Pattern Analysis and Machine Intelligence},
  number = {1}
}

@article{Prewitt:PPP:1970,
  title = {Object Enhancement and Extraction},
  author = {Prewitt, Judith MS},
  year = {1970},
  volume = {10},
  pages = {15--19},
  annotation = {PPP},
  journal = {Picture processing and Psychopictorics},
  number = {1}
}

@article{Prokhorov:TPA:1956,
  title = {Convergence of {{Random Processes}} and {{Limit Theorems}} in {{Probability Theory}}},
  author = {Prokhorov, Y.},
  year = {1956},
  volume = {1},
  pages = {157--214},
  doi = {10.1137/1101016},
  annotation = {TPA},
  journal = {Theory of Probability \& Its Applications},
  number = {2}
}

@article{Pukelsheim:AMSTAT:1994,
  title = {The {{Three Sigma Rule}}},
  author = {Pukelsheim, Friedrich},
  year = {1994},
  volume = {48},
  pages = {88--91},
  doi = {10.1080/00031305.1994.10476030},
  annotation = {AMSTAT},
  journal = {The American Statistician},
  number = {2}
}

@inproceedings{Puzicha.Buhmann.ea:ICCV:1999,
  title = {Empirical Evaluation of Dissimilarity Measures for Color and Texture},
  booktitle = {Proceedings of the {{Seventh IEEE International Conference}} on {{Computer Vision}}},
  author = {Puzicha, J. and Buhmann, J. M. and Rubner, Y. and Tomasi, C.},
  year = {1999},
  month = sep,
  volume = {2},
  pages = {1165-1172 vol.2},
  doi = {10.1109/ICCV.1999.790412},
  annotation = {ICCV}
}

@article{Qazi.Alata.ea:PR:2011,
  title = {Choice of a Pertinent Color Space for Color Texture Characterization Using Parametric Spectral Analysis},
  author = {Qazi, Imtnan-Ul-Haque and Alata, Olivier and Burie, Jean-Christophe and Moussa, Ahmed and {Fernandez-Maloigne}, Christine},
  year = {2011},
  month = jan,
  volume = {44},
  pages = {16--31},
  issn = {0031-3203},
  doi = {10.1016/j.patcog.2010.07.007},
  annotation = {PR},
  journal = {Pattern Recognition},
  language = {en},
  number = {1}
}

@article{Randen.Husoy:TPAMI:1999,
  title = {Filtering for Texture Classification: A Comparative Study},
  shorttitle = {Filtering for Texture Classification},
  author = {Randen, T. and Husoy, J.H.},
  year = {1999},
  month = apr,
  volume = {21},
  pages = {291--310},
  issn = {1939-3539},
  doi = {10.1109/34.761261},
  annotation = {TPAMI},
  journal = {IEEE Transactions on Pattern Analysis and Machine Intelligence},
  number = {4}
}

@article{Reed.Yu:TASSP:1990,
  title = {Adaptive Multiple-Band {{CFAR}} Detection of an Optical Pattern with Unknown Spectral Distribution},
  author = {Reed, I. S. and Yu, X.},
  year = {1990},
  month = oct,
  volume = {38},
  pages = {1760--1770},
  issn = {0096-3518},
  doi = {10.1109/29.60107},
  annotation = {TASSP},
  journal = {IEEE Transactions on Acoustics, Speech, and Signal Processing},
  number = {10}
}

@inproceedings{Ren:ECCV:2008,
  title = {Multi-Scale {{Improves Boundary Detection}} in {{Natural Images}}},
  booktitle = {Computer {{Vision}} \textendash{} {{ECCV}} 2008},
  author = {Ren, Xiaofeng},
  editor = {Forsyth, David and Torr, Philip and Zisserman, Andrew},
  year = {2008},
  pages = {533--545},
  publisher = {{Springer}},
  address = {{Berlin, Heidelberg}},
  doi = {10.1007/978-3-540-88690-7_40},
  annotation = {ECCV},
  isbn = {978-3-540-88690-7},
  language = {en},
  series = {Lecture {{Notes}} in {{Computer Science}}}
}

@inproceedings{Ren.Bo:NIPS:2012,
  title = {Discriminatively Trained Sparse Code Gradients for Contour Detection},
  booktitle = {Proceedings of the 25th {{International Conference}} on {{Neural Information Processing Systems}} - {{Volume}} 1},
  author = {Ren, Xiaofeng and Bo, Liefeng},
  year = {2012},
  month = dec,
  pages = {584--592},
  publisher = {{Curran Associates Inc.}},
  address = {{Red Hook, NY, USA}},
  annotation = {NIPS},
  series = {{{NIPS}}'12}
}

@inproceedings{Ren.Malik:ICCV:2003,
  title = {Learning a Classification Model for Segmentation},
  booktitle = {Proceedings {{Ninth IEEE International Conference}} on {{Computer Vision}}},
  author = {Ren, X. and Malik, J.},
  year = {2003},
  month = oct,
  pages = {10-17 vol.1},
  doi = {10.1109/ICCV.2003.1238308},
  annotation = {ICCV}
}

@inproceedings{Ren.Shakhnarovich:CVPR:2013,
  title = {Image {{Segmentation}} by {{Cascaded Region Agglomeration}}},
  booktitle = {2013 {{IEEE Conference}} on {{Computer Vision}} and {{Pattern Recognition}}},
  author = {Ren, Z. and Shakhnarovich, G.},
  year = {2013},
  month = jun,
  pages = {2011--2018},
  doi = {10.1109/CVPR.2013.262},
  annotation = {CVPR}
}

@article{Ridler.Calvard:TSMC:1978,
  title = {Picture {{Thresholding Using}} an {{Iterative Selection Method}}},
  author = {Ridler, T.W. and Calvard, S.},
  year = {1978},
  volume = {8},
  pages = {630--632},
  annotation = {TSMC},
  journal = {Systems, Man and Cybernetics, IEEE Transactions on},
  number = {8}
}

@phdthesis{Roberts:Thesis:1963,
  title = {Machine Perception of Three-Dimensional Solids},
  author = {Roberts, Lawrence G},
  year = {1963},
  annotation = {Thesis},
  school = {Massachusetts Institute of Technology}
}

@inproceedings{Rodriguez.Castiblanco.ea:ICUAS:2014,
  title = {Low-Cost Quadrotor Applied for Visual Detection of Landmine-like Objects},
  booktitle = {2014 {{International Conference}} on {{Unmanned Aircraft Systems}} ({{ICUAS}})},
  author = {Rodriguez, J. and Castiblanco, C. and Mondragon, I. and Colorado, J.},
  year = {2014},
  month = may,
  pages = {83--88},
  doi = {10.1109/ICUAS.2014.6842242},
  annotation = {ICUAS}
}

@inproceedings{Rosten.Drummond:ECCV:2006,
  title = {Machine {{Learning}} for {{High}}-{{Speed Corner Detection}}},
  booktitle = {Computer {{Vision}} \textendash{} {{ECCV}} 2006},
  author = {Rosten, Edward and Drummond, Tom},
  year = {2006},
  month = may,
  pages = {430--443},
  publisher = {{Springer, Berlin, Heidelberg}},
  doi = {10.1007/11744023_34},
  annotation = {ECCV},
  isbn = {978-3-540-33832-1 978-3-540-33833-8},
  language = {en},
  series = {Lecture {{Notes}} in {{Computer Science}}}
}

@misc{ROSWeb,
  title = {{{ROS}}.Org | {{Powering}} the World's Robots},
  howpublished = {http://www.ros.org/}
}

@book{Rubner.Tomasi:Book:2001,
  title = {Perceptual {{Metrics}} for {{Image Database Navigation}}},
  author = {Rubner, Yossi and Tomasi, Carlo},
  year = {2001},
  publisher = {{Springer US}},
  annotation = {Book},
  isbn = {978-0-7923-7219-6},
  language = {en},
  series = {The {{Springer International Series}} in {{Engineering}} and {{Computer Science}}}
}

@article{Rubner.Tomasi.ea:IJCV:2000,
  title = {The {{Earth Mover}}'s {{Distance As}} a {{Metric}} for {{Image Retrieval}}},
  author = {Rubner, Yossi and Tomasi, Carlo and Guibas, Leonidas J.},
  year = {2000},
  month = nov,
  volume = {40},
  pages = {99--121},
  issn = {0920-5691},
  doi = {10.1023/A:1026543900054},
  annotation = {IJCV},
  journal = {Int. J. Comput. Vision},
  number = {2}
}

@inproceedings{Saif.Prabuwono.ea:IROS:2013,
  title = {Real {{Time Vision Based Object Detection}} from {{UAV Aerial Images}}: {{A Conceptual Framework}}},
  shorttitle = {Real {{Time Vision Based Object Detection}} from {{UAV Aerial Images}}},
  booktitle = {Intelligent {{Robotics Systems}}: {{Inspiring}} the {{NEXT}}},
  author = {Saif, A. F. M. Saifuddin and Prabuwono, Anton Satria and Mahayuddin, Zainal Rasyid},
  year = {2013},
  month = aug,
  pages = {265--274},
  publisher = {{Springer, Berlin, Heidelberg}},
  doi = {10.1007/978-3-642-40409-2_23},
  annotation = {IROS},
  isbn = {978-3-642-40408-5 978-3-642-40409-2},
  language = {en},
  series = {Communications in {{Computer}} and {{Information Science}}}
}

@article{Sangwine.Ell:VISP:2000,
  title = {Colour Image Filters Based on Hypercomplex Convolution},
  author = {Sangwine, S.J. and Ell, T.A.},
  year = {2000},
  month = apr,
  volume = {147},
  pages = {89--93},
  issn = {1350-245X},
  doi = {10.1049/ip-vis:20000211},
  annotation = {VISP},
  journal = {IEE Proceedings - Vision, Image and Signal Processing},
  number = {2}
}

@article{Sathya.Manavalan:IJCA:2011,
  title = {Image Segmentation by Clustering Methods: Performance Analysis},
  author = {Sathya, Bharath and Manavalan, R},
  year = {2011},
  volume = {29},
  pages = {27--32},
  annotation = {IJCA},
  journal = {International Journal of Computer Applications},
  number = {11}
}

@article{Sauvola.Pietikainen:ICPR:2000,
  title = {Adaptive Document Image Binarization},
  author = {Sauvola, J. and Pietik{\"a}inen, M.},
  year = {2000},
  month = feb,
  volume = {33},
  pages = {225--236},
  issn = {0031-3203},
  doi = {10.1016/S0031-3203(99)00055-2},
  annotation = {ICPR},
  journal = {Pattern Recognition},
  number = {2}
}

@article{Scaramuzza.Fraundorfer:RAM:2011,
  title = {Visual {{Odometry}} [{{Tutorial}}]},
  author = {Scaramuzza, D. and Fraundorfer, F.},
  year = {2011},
  month = dec,
  volume = {18},
  pages = {80--92},
  issn = {1070-9932},
  doi = {10.1109/MRA.2011.943233},
  annotation = {RAM},
  journal = {IEEE Robotics Automation Magazine},
  number = {4}
}

@incollection{Scott:Book:2008,
  title = {Histograms: {{Theory}} and {{Practice}}},
  shorttitle = {Histograms},
  author = {Scott, David},
  year = {2008},
  month = may,
  pages = {47--94},
  annotation = {Book},
  isbn = {978-0-471-54770-9}
}

@inproceedings{Seitz.Curless.ea:CVPR:2006,
  title = {A {{Comparison}} and {{Evaluation}} of {{Multi}}-{{View Stereo Reconstruction Algorithms}}},
  booktitle = {Computer {{Society Conference}} on {{Computer Vision}} and {{Pattern Recognition}} ({{CVPR}}'06)},
  author = {Seitz, S. M. and Curless, B. and Diebel, J. and Scharstein, D. and Szeliski, R.},
  year = {2006},
  month = jun,
  volume = {1},
  pages = {519--528},
  doi = {10.1109/CVPR.2006.19},
  annotation = {CVPR}
}

@article{Serra:CGIM:1980,
  title = {The {{Boolean}} Model and Random Sets},
  author = {Serra, J.},
  year = {1980},
  month = feb,
  volume = {12},
  pages = {99--126},
  issn = {0146-664X},
  doi = {10.1016/0146-664X(80)90006-4},
  annotation = {CGIM},
  journal = {Computer Graphics and Image Processing},
  language = {en},
  number = {2}
}

@article{Sezgin.Sankur:EI:2010,
  title = {Survey over Image Thresholding Techniques and Quantitative Performance Evaluation.},
  author = {Sezgin, Mehmet and Sankur, B{\"u}lent},
  year = {2010},
  month = jul,
  volume = {13},
  pages = {146--168},
  annotation = {EI},
  journal = {J. Electronic Imaging},
  number = {1}
}

@inproceedings{Sinopoli.Micheli.ea::2001,
  title = {Vision Based Navigation for an Unmanned Aerial Vehicle},
  booktitle = {Proceedings 2001 {{ICRA}}. {{IEEE International Conference}} on {{Robotics}} and {{Automation}} ({{Cat}}. {{No}}.{{01CH37164}})},
  author = {Sinopoli, B. and Micheli, M. and Donato, G. and Koo, T. J.},
  year = {2001},
  volume = {2},
  pages = {1757-1764 vol.2},
  doi = {10.1109/ROBOT.2001.932864}
}

@article{Smeulders.Worring.ea:PAMI:2000,
  title = {Content-Based Image Retrieval at the End of the Early Years},
  author = {Smeulders, A. W. M. and Worring, M. and Santini, S. and Gupta, A. and Jain, R.},
  year = {2000},
  month = dec,
  volume = {22},
  pages = {1349--1380},
  issn = {0162-8828},
  doi = {10.1109/34.895972},
  annotation = {PAMI},
  journal = {IEEE Transactions on Pattern Analysis and Machine Intelligence},
  number = {12}
}

@article{So.Chung:JPR:2017,
  title = {A Novel Learning-Based Dissimilarity Metric for Rigid and Non-Rigid Medical Image Registration by Using {{Bhattacharyya Distances}}},
  author = {So, Ronald W. K. and Chung, Albert C. S.},
  year = {2017},
  month = feb,
  volume = {62},
  pages = {161--174},
  issn = {0031-3203},
  doi = {10.1016/j.patcog.2016.09.004},
  annotation = {JPR},
  journal = {Pattern Recognition}
}

@inproceedings{Sobel.Feldman:SAIL:1990,
  title = {An {{Isotropic}} 3\texttimes 3 Image Gradient Operator},
  author = {Sobel, I. and Feldman, G.},
  year = {1990},
  doi = {10.13140/RG.2.1.1912.4965},
  annotation = {SAIL}
}

@article{Srinivasan.Gregory:PTBS:1992,
  title = {How {{Bees Exploit Optic Flow}}: {{Behavioural Experiments}} and {{Neural Models}} [and  {{Discussion}}]},
  shorttitle = {How {{Bees Exploit Optic Flow}}},
  author = {Srinivasan, Mandyam V. and Gregory, R. L.},
  year = {1992},
  volume = {337},
  pages = {253--259},
  issn = {0962-8436},
  annotation = {PTBS},
  journal = {Philosophical Transactions: Biological Sciences},
  number = {1281}
}

@article{Stefas.Bayram.ea:IFAC:2016,
  title = {Vision-{{Based UAV Navigation}} in {{Orchards}}},
  author = {Stefas, Nikolaos and Bayram, Haluk and Isler, Volkan},
  year = {2016},
  month = jan,
  volume = {49},
  pages = {10--15},
  issn = {2405-8963},
  doi = {10.1016/j.ifacol.2016.10.003},
  annotation = {IFAC},
  journal = {IFAC-PapersOnLine},
  number = {16},
  series = {5th {{IFAC Conference}} on {{Sensing}}, {{Control}} and {{Automation Technologies}} for {{Agriculture AGRICONTROL}} 2016}
}

@article{Stutz.Hermans.ea:CVIU:2018,
  title = {Superpixels: {{An}} Evaluation of the State-of-the-Art},
  author = {Stutz, David and Hermans, Alexander and Leibe, Bastian},
  year = {2018},
  volume = {166},
  pages = {1--27},
  issn = {1077-3142},
  doi = {10.1016/j.cviu.2017.03.007},
  annotation = {CVIU},
  journal = {Computer Vision and Image Understanding}
}

@article{Subakan.Vemuri:EMMCVPR:2009,
  title = {Color {{Image Segmentation}} in a {{Quaternion Framework}}},
  author = {Subakan, {\"O}zlem N. and Vemuri, Baba C.},
  year = {2009},
  month = jan,
  volume = {5681},
  pages = {401--414},
  doi = {10.1007/978-3-642-03641-5_30},
  annotation = {EMMCVPR},
  journal = {Energy minimization methods in computer vision and pattern recognition. International Workshop on Energy Minimization Methods in Computer Vision and Pattern Recognition},
  number = {2009}
}

@article{Swain.Ballard:IJCV:1991,
  title = {Color Indexing},
  author = {Swain, Michael J. and Ballard, Dana H.},
  year = {1991},
  month = nov,
  volume = {7},
  pages = {11--32},
  issn = {1573-1405},
  doi = {10.1007/BF00130487},
  annotation = {IJCV},
  journal = {International Journal of Computer Vision},
  language = {en},
  number = {1}
}

@book{Szeliski:book:2011,
  title = {Computer {{Vision}}: {{Algorithms}} and {{Applications}}},
  shorttitle = {Computer {{Vision}}},
  author = {Szeliski, Richard},
  year = {2011},
  publisher = {{Springer-Verlag}},
  address = {{London}},
  annotation = {book},
  isbn = {978-1-84882-934-3},
  language = {en},
  series = {Texts in {{Computer Science}}}
}

@article{Teuner.Pichler.ea:ConferenceName:IEEETransactionsonImageProcessing:1995,
  title = {Unsupervised Texture Segmentation of Images Using Tuned Matched {{Gabor}} Filters},
  author = {Teuner, A. and Pichler, O. and Hosticka, B.J.},
  year = {1995},
  month = jun,
  volume = {4},
  pages = {863--870},
  issn = {1941-0042},
  doi = {10.1109/83.388091},
  journal = {IEEE Transactions on Image Processing},
  number = {6}
}

@inproceedings{Thrun.Bu:AI:1996,
  title = {Integrating {{Grid}}-Based and {{Topological Maps}} for {{Mobile Robot Navigation}}},
  booktitle = {Proceedings of the {{Thirteenth National Conference}} on {{Artificial Intelligence}} - {{Volume}} 2},
  author = {Thrun, Sebastian and B{\"u}, Arno},
  year = {1996},
  pages = {944--950},
  publisher = {{AAAI Press}},
  address = {{Portland, Oregon}},
  annotation = {AI},
  isbn = {978-0-262-51091-2},
  series = {{{AAAI}}'96}
}

@article{Tomic.Schmid.ea:IRAM:2012,
  title = {Toward a {{Fully Autonomous UAV}}: {{Research Platform}} for {{Indoor}} and {{Outdoor Urban Search}} and {{Rescue}}},
  shorttitle = {Toward a {{Fully Autonomous UAV}}},
  author = {Tomic, T. and Schmid, K. and Lutz, P. and Domel, A. and Kassecker, M. and Mair, E. and Grixa, I. L. and Ruess, F. and Suppa, M. and Burschka, D.},
  year = {2012},
  month = sep,
  volume = {19},
  pages = {46--56},
  issn = {1070-9932},
  doi = {10.1109/MRA.2012.2206473},
  annotation = {IRAM},
  journal = {IEEE Robotics Automation Magazine},
  number = {3}
}

@incollection{Tuceryan.Jain:WS:1993,
  title = {Texture Analysis},
  booktitle = {Handbook of {{Pattern Recognition}} and {{Computer Vision}}},
  author = {Tuceryan, Mihran and Jain, Anil K.},
  year = {1993},
  month = aug,
  pages = {235--276},
  publisher = {{WORLD SCIENTIFIC}},
  annotation = {WS},
  isbn = {978-981-02-1136-3}
}

@inproceedings{Unnikrishnan.Pantofaru.ea:CVPR:2005,
  title = {A {{Measure}} for {{Objective Evaluation}} of {{Image Segmentation Algorithms}}},
  booktitle = {2005 {{IEEE Computer Society Conference}} on {{Computer Vision}} and {{Pattern Recognition}} ({{CVPR}}'05) - {{Workshops}}},
  author = {Unnikrishnan, R. and Pantofaru, C. and Hebert, M.},
  year = {2005},
  month = sep,
  pages = {34--34},
  doi = {10.1109/CVPR.2005.390},
  annotation = {CVPR}
}

@inproceedings{Ursani.Kpalma.ea:ICMV:2007,
  title = {Texture Features Based on {{Fourier}} Transform and {{Gabor}} Filters: An Empirical Comparison},
  shorttitle = {Texture Features Based on {{Fourier}} Transform and {{Gabor}} Filters},
  booktitle = {2007 {{International Conference}} on {{Machine Vision}}},
  author = {Ursani, A. A. and Kpalma, K. and Ronsin, J.},
  year = {2007},
  month = dec,
  pages = {67--72},
  doi = {10.1109/ICMV.2007.4469275},
  annotation = {ICMV}
}

@inproceedings{Vedaldi.Soatto:ECCV:2008,
  title = {Quick {{Shift}} and {{Kernel Methods}} for {{Mode Seeking}}},
  booktitle = {Computer {{Vision}} \textendash{} {{ECCV}} 2008},
  author = {Vedaldi, Andrea and Soatto, Stefano},
  year = {2008},
  month = oct,
  pages = {705--718},
  publisher = {{Springer, Berlin, Heidelberg}},
  doi = {10.1007/978-3-540-88693-8_52},
  annotation = {ECCV},
  isbn = {978-3-540-88692-1 978-3-540-88693-8},
  language = {en},
  series = {Lecture {{Notes}} in {{Computer Science}}}
}

@article{Viola.Jones:IJCV:2004,
  title = {Robust {{Real}}-{{Time Face Detection}}},
  author = {Viola, Paul and Jones, Michael J.},
  year = {2004},
  month = may,
  volume = {57},
  pages = {137--154},
  issn = {1573-1405},
  doi = {10.1023/B:VISI.0000013087.49260.fb},
  annotation = {IJCV},
  journal = {International Journal of Computer Vision},
  language = {en},
  number = {2}
}

@book{VonHelmholtz:Book:1867,
  title = {{Handbuch der physiologischen Optik}},
  author = {Von Helmholtz, Hermann},
  year = {1867},
  volume = {9},
  publisher = {{Voss}},
  address = {{Hamburg}},
  annotation = {Book},
  language = {German}
}

@article{Wang.Liu.ea:SP:2017,
  title = {Superpixel Segmentation: {{A}} Benchmark},
  shorttitle = {Superpixel Segmentation},
  author = {Wang, Murong and Liu, Xiabi and Gao, Yixuan and Ma, Xiao and Soomro, Nouman Q.},
  year = {2017},
  month = aug,
  volume = {56},
  pages = {28--39},
  issn = {0923-5965},
  doi = {10.1016/j.image.2017.04.007},
  annotation = {SP},
  journal = {Signal Processing: Image Communication},
  language = {en}
}

@book{Werner.Chalupa:Book:2004,
  title = {The {{Visual Neurosciences}}},
  author = {Werner, John Simon and Chalupa, Leo M.},
  year = {2004},
  publisher = {{MIT Press}},
  annotation = {Book},
  isbn = {978-0-262-03308-4},
  language = {en}
}

@article{Wertheimer:Psycologische:1923,
  title = {{{FormsUntersuchungen}} Zur {{Lehre}} von Der {{Gestalt II}}},
  author = {Wertheimer, Max},
  year = {1923},
  volume = {4},
  pages = {301--350},
  annotation = {Psycologische},
  journal = {Psycologische Forschung}
}

@incollection{Winkler:Book:2003,
  title = {Random Fields and Texture Models},
  booktitle = {Image Analysis, Random Fields and Markov Chain Monte Carlo Methods: {{A}} Mathematical Introduction},
  author = {Winkler, Gerhard},
  year = {2003},
  pages = {231--242},
  publisher = {{Springer Berlin Heidelberg}},
  address = {{Berlin, Heidelberg}},
  annotation = {Book},
  isbn = {978-3-642-55760-6}
}

@inproceedings{Witkin:ICASSP:1984,
  title = {Scale-Space Filtering: {{A}} New Approach to Multi-Scale Description},
  shorttitle = {Scale-Space Filtering},
  booktitle = {{{ICASSP}} '84. {{IEEE International Conference}} on {{Acoustics}}, {{Speech}}, and {{Signal Processing}}},
  author = {Witkin, A.},
  year = {1984},
  month = mar,
  volume = {9},
  pages = {150--153},
  doi = {10.1109/ICASSP.1984.1172729},
  annotation = {ICASSP}
}

@incollection{Wright:BookCh2:2007,
  title = {Professor Wright's Paper from the Golden Jubilee Book: {{The}} Historical and Experimental Background to the 1931 {{CIE}} System of Colorimetry},
  booktitle = {Colorimetry},
  author = {Wright, W. D.},
  year = {2007},
  pages = {9--23},
  publisher = {{John Wiley \& Sons, Ltd}},
  annotation = {BookCh2},
  isbn = {978-0-470-17563-7}
}

@article{Wu.Arkhipov.ea:TC:2017,
  title = {{{ADDSEN}}: {{Adaptive Data Processing}} and {{Dissemination}} for {{Drone Swarms}} in {{Urban Sensing}}},
  shorttitle = {{{ADDSEN}}},
  author = {Wu, D. and Arkhipov, D. I. and Kim, M. and Talcott, C. L. and Regan, A. C. and McCann, J. A. and Venkatasubramanian, N.},
  year = {2017},
  month = feb,
  volume = {66},
  pages = {183--198},
  issn = {0018-9340},
  doi = {10.1109/TC.2016.2584061},
  annotation = {TC},
  journal = {IEEE Transactions on Computers},
  number = {2}
}

@inproceedings{Yao.Yu.ea:CCC:2017,
  title = {Deep-Learning-Based Moving Target Detection for Unmanned Air Vehicles},
  booktitle = {2017 36th {{Chinese Control Conference}} ({{CCC}})},
  author = {Yao, H. and Yu, Q. and Xing, X. and He, F. and Ma, J.},
  year = {2017},
  month = jul,
  pages = {11459--11463},
  doi = {10.23919/ChiCC.2017.8029186},
  annotation = {CCC}
}

@article{Yen.Chang.ea:TIP:1995,
  title = {A New Criterion for Automatic Multilevel Thresholding},
  author = {Yen, Jui-Cheng and Chang, Fu-Juay and Chang, Shyang},
  year = {1995},
  month = mar,
  volume = {4},
  pages = {370--378},
  issn = {1057-7149},
  doi = {10.1109/83.366472},
  annotation = {TIP},
  journal = {IEEE Transactions on Image Processing},
  number = {3}
}

@article{YizongCheng:PAMI:1995,
  title = {Mean Shift, Mode Seeking, and Clustering},
  author = {{Yizong Cheng}},
  year = {Aug./1995},
  volume = {17},
  pages = {790--799},
  issn = {01628828},
  doi = {10.1109/34.400568},
  annotation = {PAMI},
  journal = {IEEE Transactions on Pattern Analysis and Machine Intelligence},
  number = {8}
}

@article{Young:PTRSL:1802,
  title = {{{II}}. {{The Bakerian Lecture}}. {{On}} the Theory of Light and Colours},
  author = {Young, Thomas},
  year = {1802},
  pages = {12--48},
  annotation = {PTRSL},
  journal = {Philosophical transactions of the Royal Society of London},
  number = {92}
}

@article{Zhang.Tan:PR:2002,
  title = {Brief Review of Invariant Texture Analysis Methods},
  author = {Zhang, Jianguo and Tan, Tieniu},
  year = {2002},
  month = mar,
  volume = {35},
  pages = {735--747},
  issn = {0031-3203},
  doi = {10.1016/S0031-3203(01)00074-7},
  annotation = {PR},
  journal = {Pattern Recognition},
  language = {en},
  number = {3},
  series = {Image/{{Video Communication}}}
}

@article{Zhu.Guo.ea:IJCV:2005,
  title = {What Are {{Textons}}?},
  author = {Zhu, Song-Chun and Guo, Cheng-en and Wang, Yizhou and Xu, Zijian},
  year = {2005},
  month = apr,
  volume = {62},
  pages = {121--143},
  issn = {1573-1405},
  doi = {10.1023/B:VISI.0000046592.70770.61},
  annotation = {IJCV},
  journal = {International Journal of Computer Vision},
  language = {en},
  number = {1}
}

@article{Ziou.Tabbone:PRIA:1998,
  title = {Edge {{Detection Techniques}} - {{An Overview}}},
  author = {Ziou, Djemel and Tabbone, Salvatore},
  year = {1998},
  volume = {8},
  pages = {537--559},
  annotation = {PRIA},
  journal = {International Journal of Pattern Recognition and Image Analysis}
}


